3022 4940
20 550 41 610 lu

23 656 43 720 el

19 781 44 832 :br

23 887 43 938 tir

17 1095 40 1160 oi-

21 1231 39 1276 n

24 1326 36 1388 st

24 1435 30 1493 t

14 1671 23 1738 l

578 358 807 430 —17'9-

592 761 728 850 Seni.¹
746 765 794 849 8.
867 845 870 850 .

482 901 561 1008 Ile
584 917 893 1010 marllerlbus.

594 1174 705 1263 Car.
729 1219 744 1249 a
758 1179 800 1263 Ι.
924 1205 945 1220 ··

227 1378 285 1432 ne
307 1375 559 1433 muller-llius
576 1388 806 1443 ear-umque
824 1376 975 1441 agenn!
992 1376 1168 1432 ratlouc.
1270 1445 1277 1452 .

223 1542 383 1606 Mulieres
403 1549 480 1603 sunt
499 1540 637 1622 laqueus
661 1538 775 1600 diaboli
805 1538 855 1615 25,
887 1539 937 1613 45,
982 1543 1064 1604 viles
1093 1544 1121 1620 1,
1142 1545 1182 1610 42
1215 1554 1248 1606 et

143 1659 251 1733 partes
272 1651 414 1710 virorum
437 1657 584 1710 resectae
610 1646 730 1727 1,100.
774 1649 922 1710 Mulieris
943 1650 1066 1710 animus
1093 1650 1134 1713 ad
1163 1653 1247 1712 stul-

14 1791 16 1802 ·
140 1759 245 1819 titiam
266 1757 396 1818 inclinat
437 1757 488 1833 23,
518 1755 586 1822 155.
630 1757 745 1818 Mulier
767 1757 914 1838 stragula
935 1765 995 1832 est,
1027 1776 1099 1819 eam
1120 1757 1247 1820 mollem

13 1925 14 1932 ,
140 1866 235 1928 vobis
259 1864 401 1931 reddite!
423 1863 474 1944 24,
499 1863 570 1930 587.
596 1864 749 1926 Mulieres
771 1881 949 1945 generosos
970 1865 1121 1942 vincunt3
1143 1863 1202 1926 sed
1227 1885 1248 1928 a

140 1975 259 2036 vilibus
283 1973 451 2034 vincuntur
472 1971 606 2053 28,110.
622 1967 775 2034 Mulieres
799 1973 1002 2055 negligentes
1026 1980 1059 2034 et
1081 1972 1163 2035 lusui
1186 1972 1246 2036 de-

20 2115 25 2129 =
140 2082 226 2146 ditae
249 2089 327 2144 sunt
351 2080 403 2160 12,
424 2078 473 2146 52.
519 2079 673 2162 Virgines
695 2081 835 2142 intactae
856 2088 933 2142 suut
965 2080 1105 2163 optimae
1129 2080 1247 2162 conjn-

20 2230 26 2270 ,
141 2209 203 2274 ges
227 2190 257 2270 1,
278 2189 350 2257 292.
395 2191 551 2250 Mulieres
573 2209 752 2272 generosae
775 2197 850 2251 sunt
872 2189 1098 2271 viae,·quibus
1119 2189 1159 2252 ad
1178 2192 1246 2253 cel-

137 2298 308 2361 situdinem
328 2295 534 2360 adscenditur
557 2296 611 2378 24,
639 2297 707 2362 102.
728 2299 847 2359 Mulier
869 2297 953 2360 male
975 2298 1064 2359 olens
1087 2298 1248 2379 impudica

20 2453 23 2492 4
141 2414 194 2467 ost
216 2403 266 2481 13,
288 2405 337 2470 51.
382 2407 497 2468 Mulier
518 2425 621 2487 prava
643 2415 695 2468 est
716 2406 878 2469 vinculum
890 2405 1025 2467 cervicis
1042 2405 1180 2467 ferreum
1188 2405 1242 2488 24,
1370 2473 1376 2482 ,

11 2547 23 2602 ι,
142 2513 213 2577 588.
257 2512 411 2576 ll'emioae
432 2514 528 2574 nobili
550 2513 708 2593 turpitudo
730 2514 761 2575 in
784 2514 910 2606 agendo
923 2513 1084 2576 contraria
1098 2511 1187 2595 est3,
1200 2513 1246 2578 11.

19 2665 22 2680 .
144 2619 313 2682 Mulierum
345 2618 487 2682 dedecus
521 2628 629 2683 manet
662 2620 710 2702 18,
739 2619 809 2686 273.
853 2619 1029 2701 'l'urpitudo
1056 2629 1115 2684 est
1133 2629 1246 2684 custos

10 2701 15 2775 ἰ
139 2729 286 2791 mulieris
308 2729 362 2811 21,
390 2725 457 2793 185.
500 2727 675 2810 Zelotypia
696 2729 837 2790 mulieris
868 2737 1044 2790 excusatur
1072 2727 1122 2803 23,
1159 2729 1245 2810 1555

12 2871 19 2936 ,1
140 2837 200 2902 sed
221 2847 275 2902 est
295 2839 398 2900 clavis
420 2837 542 2920 repudii
567 2837 613 2916 19,
638 2835 687 2903 64.
710 2837 865 2900 Pudicitia
894 2835 923 2913 6,
949 2833 1007 2902 106
1037 2845 1070 2898 ct
1090 2836 1248 2902 modestia

139 2956 253 3010 contra
275 2955 477 3028 corruptores
500 2945 533 3026 6,
555 2945 615 3010 233
648 2954 681 3007 et
702 2944 840 3008 solitudo
864 2945 895 3005 in
914 2942 1059 3006 domibus
1081 2945 1123 3008 ad
1143 2945 1247 3027 pudo·

140 3077 207 3120 rem
231 3054 489 3118 conservandum
525 3054 555 3136 7,
579 3053 620 3120 38
648 3056 914 3119 commendantur.
938 3051 1080 3116 Stultitia
1110 3053 1164 3134 24,
1189 3052 1248 3118 186

139 3174 174 3225 ct
196 3163 329 3226 audacia
345 3182 416 3227 cum
432 3162 628 3246 impudentia
642 3165 860 3247 vituperantur
872 3165 900 3245 1,
916 3163 982 3229 180.

581 3447 693 3538 Cur.
724 3451 797 3536 11.

311 3650 370 3705 lle
389 3650 541 3719 agenni
558 3652 725 3708 neolone
743 3665 844 3721 erga
862 3652 1074 3710 muilier-es.

223 3820 420 3903 Peregrinae
443 3829 475 3885 et
496 3841 559 3885 nou
591 3824 787 3906 propinquas
817 3825 847 3886 in
868 3826 1098 3889 matrimonium
1122 3817 1248 3886 ducite!

139 3925 194 4012 25,
217 3928 266 3992 72.
290 3928 422 3992 Caveas
445 3928 595 3992 seminam
616 3930 780 4011 pulchram
804 3950 821 3991 e
842 3927 941 4013 stirpe
954 3921 1107 4014 ignobili!
1131 3925 1248 4008 1,126·

109 4085 114 4101 .
140 4035 215 4104 295.
258 4042 308 4102 De
331 4041 428 4104 rebus
446 4041 579 4123 publicis
601 4059 675 4106 cum
698 4045 823 4107 feminis
842 4065 903 4108 non
928 4052 978 4108 est
1003 4041 1246 4106 consultandum

142 4143 267 4226 24,Ὶο
309 4148 498 4211 Mulieribus
528 4150 716 4231 obsequium
742 4172 792 4213 uo.
811 4151 973 4234 praestes!
1004 4151 1060 4234 lb',
1090 4149 1139 4215 40.
1185 4147 1250 4228 Qui

142 4271 219 4318 curn
242 4255 366 4322 leminis
390 4256 515 4340 pudicis
538 4269 571 4322 et
594 4260 742 4324 tractibus
765 4261 882 4344 litigat,
907 4256 1250 4342 injurincaccusaudus
