3082 4942
708 331 935 424 -nsss

349 521 410 586 Vir
429 540 486 606 per
507 521 666 586 fortunam
696 522 728 584 in
757 539 891 602 cursum
926 522 1033 604 agitur
1054 519 1106 592 24,
1129 518 1216 593 584,
1238 522 1288 582 vir
1310 537 1365 600 per

264 649 320 695 cer
341 639 375 694 ct
394 631 533 714 lingnam
553 640 603 692 est
624 629 790 710 perlectus
811 627 863 710 24,
886 627 974 702 aaa,
1005 628 1053 690 vir
1073 627 1114 691 ab
1135 627 1221 690 omni
1249 647 1285 690 re
1307 628 1367 690 nisi

265 758 344 804 ase
373 739 443 822 ipse
470 735 622 812 custodiri
650 745 759 818 potest
789 736 846 817 28,
867 734 942 811 86η
975 736 1025 796 vir
1056 754 1119 797 tren
1154 736 1283 818 peribit,
1313 736 1368 817 qni

265 855 417 928 quantum
438 843 589 918 valuerit,
612 841 767 926 cognovit
786 842 839 924 23,
864 839 929 912 47,
958 840 1008 902 vir
1038 860 1101 903 ncn
1130 859 1259 922 semper
1287 859 1370 904 ecn-

265 956 421 1040 eequitur,
444 952 528 1038 qnod
562 960 650 1034 optat
679 949 716 1026 3,
745 950 831 1031 1735
862 950 911 1011 vir
938 951 1062 1012 nonnisi
1089 969 1147 1031 per
1174 951 1371 1032 propinques

267 1079 340 1125 cnm
368 1064 437 1142 ipsc
460 1059 594 1142 junctos
632 1066 745 1140 petens
776 1064 828 1118 est
857 1057 909 1140 23,
932 1056 1003 1141 81.;
1026 1058 1076 1120 vir
1104 1077 1200 1140 quum
1232 1067 1371 1122 tentatur
1457 1041 1465 1060 ’

265 1178 322 1234 aut
343 1170 515 1234 bonoratur
537 1177 593 1231 aut
615 1166 789 1248 despicitur
805 1166 860 1245 18,
889 1167 974 1246 1743
997 1169 1046 1228 vir
1069 1167 1180 1228 melior
1200 1167 1292 1230 nobis
1315 1168 1372 1228 vi·-

266 1279 358 1343 detur
386 1279 566 1342 rumoribus
594 1276 635 1340 ad
665 1295 724 1338 nos
761 1278 891 1356 perlatis
922 1296 1016 1359 qtram
1046 1297 1142 1359 quum
1176 1280 1275 1341 oculis
1297 1297 1372 1342 cum

264 1387 438 1452 viderimus
459 1387 492 1468 3,
502 1386 578 1461 4703
601 1388 650 1450 vir
672 1387 800 1466 quilibet
829 1386 955 1449 tandem
980 1386 1115 1448 vincitur
1137 1387 1195 1463 22,
1218 1387 1289 1458 171,
1313 1387 1375 1448 viri

264 1495 425 1576 ingenium
447 1513 491 1556 ex
513 1492 585 1575 ejus
607 1493 754 1574 opinione
770 1496 979 1576 cognoscitur
1003 1493 1143 1575 17,10.;
1164 1495 1227 1557 viri
1253 1496 1374 1575 optima

198 1675 202 1682 .
264 1620 353 1666 arm
375 1600 429 1664 lilii
449 1610 527 1665 sunt
546 1601 576 1673 7,
600 1599 664 1682 65.;
687 1602 747 1662 viri
776 1603 922 1664 meritum
943 1604 1067 1683 probat,
1092 1602 1176 1684 quod
1200 1601 1274 1682 ejus
1294 1602 1376 1666 vitia

264 1721 490 1778 enumerantur
510 1710 560 1787 22,
586 1708 682 1786 2674
704 1711 764 1773 viri
788 1713 818 1774 in
841 1733 946 1776 rerum
959 1712 1227 1775 vicissitudinibus
1246 1727 1381 1795 eognn-·

266 1832 399 1886 suuntur
422 1820 471 1899 20,
496 1821 565 1886 121.

352 1925 376 2016 §
397 1932 427 1994 2.
470 1930 527 1991 De
548 1929 709 1992 homine
737 1929 981 1992 conditione
1004 1937 1042 1990 et
1064 1936 1178 1991 statu
1202 1927 1378 2008 insigni.

265 2037 301 2108 a)
322 2034 530 2116 Corporis.
561 2035 681 2098 Aetate
703 2035 899 2116 decrepitum
922 2033 1179 2098 cendoccfacere
1202 2032 1378 2098 molestum

268 2150 319 2204 est
339 2140 389 2220 24,
414 2141 508 2215 277,
528 2142 581 2222 qui
602 2141 643 2204 ad
668 2150 806 2204 aetatem
829 2143 1036 2224 septuaginta
1058 2160 1209 2204 annnorum
1227 2144 1378 2222 pervenit

265 2249 336 2312 sine
359 2268 458 2314 causa
480 2251 621 2333 queritur
644 2248 694 2328 24,
721 2249 806 2322 rsa,
850 2249 904 2313 din
925 2252 1042 2314 vivens
1065 2251 1264 2312 calamitates
1286 2249 1376 2312 effn-

267 2377 346 2442 gere
368 2377 431 2422 non
452 2365 560 2441 potest
580 2357 632 2439 24,
654 2355 705 2422 84.
719 2377 743 2440 ςι
763 2356 877 2420 debilis
908 2358 1075 2420 robustum
1104 2357 1235 2420 vincere
1263 2359 1377 2437 nequit

267 2467 318 2532 24.
339 2465 429 2544 596.,·
460 2464 571 2527 debilis
598 2465 720 2528 lucrum
749 2465 874 2528 iaciens
903 2464 1132 2546 praeferendus
1163 2474 1217 2526 est
1243 2465 1376 2526 robuste

268 2575 358 2658 pigro
382 2573 432 2650 22,
454 2571 504 2640 63.
512 2594 524 2654 ;
545 2574 626 2637 ultra
648 2592 747 2656 posse
771 2565 870 2636 nemo'
893 2575 1050 2656 obligatur
1074 2581 1109 2655 1,
1133 2573 1225 2654 318.‚·
1253 2574 1376 2637 absens

268 2688 492 2765 argumentum
513 2697 607 2746 sunm
628 2699 739 2744 secum
762 2679 860 2742 babet
885 2679 934 2761 19,
956 2681 1025 2760 78.,·
1047 2699 1202 2761 praesens
1225 2679 1315 2742 videt
1328 2678 1376 2760 id,

269 2787 355 2872 quod
378 2791 497 2854 absens
517 2811 579 2854 non
601 2789 692 2853 videt
713 2788 765 2871 28,
794 2789 882 2869 172.,·
904 2791 1012 2870 quiin
1042 2797 1204 2871 potestate
1235 2797 1377 2852 tuanen

271 2903 334 2981 ert,
359 2916 433 2960 enm
454 2898 564 2977 punire
585 2906 766 2980 nonpotes
788 2903 820 2979 1,
848 2895 920 2962 462.
932 2918 943 2976 ;
973 2897 1108 2978 quilibet
1129 2917 1149 2958 e
1170 2895 1282 2978 majori
1313 2916 1377 2977 pe-

179 3049 183 3056 ·
268 3003 369 3068 riculo
390 3003 503 3067 salvus
530 3003 696 3086 evadens,
726 3005 845 3066 malum
875 3005 1021 3074 mineris,
1037 3005 1189 3069 momenti
1222 3012 1377 3068 contento

269 3119 374 3182 anime
406 3119 520 3181 toleret
552 3116 593 3180 28
601 3159 612 3198 ,
638 3115 727 3194 104.,·
749 3116 909 3180 dormiens
946 3118 1071 3180 somnia
1092 3116 1182 3180 videt
1203 3117 1258 3198 24,
1278 3113 1377 3195 510.,·

269 3225 386 3286 vivens
416 3221 538 3286 invenit
557 3223 657 3305 alins,
680 3242 812 3305 querum
838 3231 1018 3294 commeatu
1040 3221 1083 3285 ad
1103 3241 1183 3288 sues
1207 3221 1378 3304 perveniat

270 3325 322 3403 23,
344 3327 436 3408 417.,·
458 3338 602 3392 mortuus
624 3328 764 3395 dolorem
787 3348 851 3392 non
871 3329 969 3392 sentit
993 3326 1042 3410 13,
1065 3326 1135 3394 179.

352 3437 393 3518 b)
415 3438 557 3502 Animi.
602 3439 641 3506 Si
660 3438 849 3520 prudentem
872 3438 1016 3522 legatum
1038 3436 1150 3519 mittis,
1173 3437 1203 3500 ei
1224 3435 1377 3501 mandata

268 3541 345 3607 dare
367 3563 506 3609 necesse
527 3565 589 3608 non
611 3554 662 3608 est
687 3546 733 3624 10,
758 3545 829 3625 87.,·
851 3547 985 3610 multum
1006 3543 1155 3627 stupidus
1169 3553 1275 3608 tamen
1292 3548 1378 3608 omni

215 3715 221 3722 .
269 3657 475 3740 intelligentia
495 3677 558 3720 non
579 3664 669 3720 earet
691 3658 741 3738 18,
766 3655 836 3736 33.,·
859 3658 977 3726 sarlius
993 3655 1150 3720 interdum
1171 3655 1213 3718 ad
1225 3656 1377 3738 proposi-

270 3773 337 3830 tum
359 3766 447 3828 venit
470 3763 505 3842 6,
528 3764 577 3829 71.
584 3786 596 3844 ,·
617 3764 736 3828 stultns
758 3766 841 3828 nulla
863 3784 900 3827 re
917 3767 1068 3829 laetatur
1093 3766 1147 3841 11,
1169 3763 1220 3830 ss
1232 3787 1243 3844 ;
1277 3767 1378 3828 stulto

269 3893 333 3937 non
354 3873 558 3952 medicemur,
581 3872 609 3933 si
630 3872 671 3934 ab
693 3889 733 3932 cn
755 3870 953 3936 declinamus
972 3869 1026 3948 24,
1045 3869 1139 3950 tta5
1163 3870 1248 3944 docti
1264 3872 1378 3953 lapsas

271 3990 454 4064 causaest,
478 3998 535 4044 cur
556 3979 608 4044 alii
628 3979 774 4043 labantur
797 3983 824 4055 1,
851 3977 936 4058 133.,·
979 3978 1068 4042 docti
1098 3981 1207 4062 lapsus
1230 3981 1378 4044 omnibus

272 4097 366 4152 uetus
394 4089 431 4152 fit
465 4090 512 4166 ll,
541 4085 613 4165 ebe
658 4086 789 4169 quilibet
820 4087 916 4150 animi
942 4087 995 4148 sui
1023 4089 1239 4171 cogitationes
1260 4089 1378 4152 melius

274 4198 339 4272 scit
370 4213 467 4278 quam
505 4195 587 4260 alius
617 4192 674 4272 ²5,
700 4193 750 4274 3.,·
791 4193 997 4278 intelligentis
1027 4195 1132 4279 opinio
1168 4197 1278 4260 melior
1310 4205 1377 4279 est,
