3126 4958
593 395 803 459 ..11-

134 598 201 659 bus
241 603 275 657 et
303 601 415 676 petrae
441 597 531 672 parte
557 591 629 651 loco
656 587 789 671 tripodis
814 588 846 650 in
871 587 1001 650 deserto
1031 588 1088 676 11),
1122 591 1156 654 5.
1183 590 1243 675 27,

135 709 200 798 78,
225 712 307 775 utris
339 709 371 792 1,
398 707 482 770 4116.
534 704 569 787 5,
596 706 655 768 56.
711 704 766 785 16,
797 706 828 785 1,
870 707 953 769 sella
992 706 1150 769 camelina
1187 707 1245 790 10,

139 827 226 913 159,
252 845 376 911 panno,
428 841 491 906 quo
519 821 630 886 cameli
654 823 799 885 scabiosi
832 823 905 903 pice
941 822 1154 884 illiniebantur
1181 823 1241 906 27,

136 943 189 1007 93
214 943 350 1026 aliisque
376 941 474 1004 rebus
502 937 588 1003 conf.
616 939 676 1025 21,
707 937 789 1001 113.

214 1060 282 1123 Sed
307 1057 394 1121 utad
410 1056 546 1119 alterum
572 1055 803 1136 disquisitionis
824 1053 931 1118 locum
954 1053 1097 1141 veniam,
1107 1073 1248 1137 prover-

136 1175 193 1239 bia
215 1173 363 1237 Arabica»
379 1179 443 1234 tam
469 1189 567 1235 sensu
601 1191 697 1255 quam
732 1189 793 1234 usu
820 1174 859 1235 ab
886 1172 955 1234 aliis
981 1171 1134 1236 distincta
1160 1191 1248 1250 esse,

137 1296 213 1378 quis
238 1311 361 1378 negare
373 1283 511 1373 potest?
529 1289 779 1353 Proverbiorum
793 1307 911 1353 sensus
926 1307 998 1353 cum
1023 1289 1167 1352 Arabum
1190 1285 1247 1350 “vi-

136 1411 238 1476 vendi
264 1409 388 1472 ratione
414 1414 447 1470 et
470 1406 532 1470 situ
566 1405 740 1468 convenire
781 1412 902 1469 ettam
927 1403 1045 1489 agendi
1070 1423 1167 1487 quam
1191 1421 1250 1466 co-

37 1601 39 1610 Ι
138 1528 264 1614 gitandi
287 1515 401 1589 rationi
426 1534 521 1606 aptus
548 1543 623 1587 esse
650 1524 745 1587 debet
757 1545 769 1603 ;
798 1525 891 1612 fines,
932 1542 1012 1606 quos
1050 1533 1169 1590 natura
1192 1525 1249 1587 isti

139 1643 232 1728 genti
257 1639 473 1722 praescripsit,
499 1636 662 1700 excedere
686 1640 772 1700 nullo
813 1640 908 1702 modo
944 1649 1066 1720 potest.
1118 1641 1246 1703 Arabes

143 1775 245 1838 quum
268 1755 336 1818 solo
358 1759 392 1815 et
417 1753 497 1816 coeli
521 1733 677 1833 temperie'
703 1753 883 1817 distinctam
915 1761 1033 1815 terram
1059 1755 1248 1841 incolerent,

142 1874 242 1935 vitam
267 1889 287 1932 a
312 1870 451 1933 caeteris
476 1869 628 1954 gentibus
670 1879 854 1951 separatam
879 1869 1121 1951 solitariamque
1149 1871 1251 1961 dege-

143 1996 217 2051 rent
258 1995 292 2049 et
328 1964 367 2048 ut
402 1983 535 2048 vivendi
559 1985 673 2049 rationi
713 1988 759 2050 sic
782 1987 922 2051 moribus
949 1987 1084 2050 multum
1111 1988 1252 2050 diversis

143 2104 357 2187 indulgerent,
385 2123 469 2185 quae
507 2104 539 2164 in
577 2089 757 2185 'proverbiis
784 2096 1001 2192 reperiuntur,
1037 2113 1142 2169 status
1171 2124 1253 2169 con-

145 2217 337 2298 ditionisque
363 2217 598 2299 descriptiones
625 2218 775 2282 diversas
812 2237 888 2283 esse
932 2223 1004 2300 quis
1042 2241 1107 2283 non
1145 2228 1251 2303 putat.

144 2335 190 2399 Ut
214 2355 278 2398 uno
310 2337 411 2398 verbo
436 2355 506 2398 rem
539 2335 706 2422 illustrem,
743 2338 854 2400 multis
881 2339 1034 2419 periculis
1063 2347 1097 2401 et
1113 2337 1250 2421 'inopiae

144 2455 177 2515 in
215 2452 348 2516 desertis
382 2454 511 2516 obnoxii
547 2453 766 2517 calamitatum
808 2455 1090 2536 periculorumque
1117 2453 1247 2517 descri-

146 2569 320 2633 bendorum
346 2568 377 2631 in
403 2567 583 2653 proverbiis
610 2588 722 2632 ansam
749 2589 850 2651 saepe
875 2570 1056 2632 habuerunt

221 2684 304 2748 'l'um
329 2683 445 2767 quibus
471 2685 502 2746 in
540 2685 637 2747 rebus
664 2685 747 2747 inter
772 2685 922 2748 diversas
949 2693 1066 2769 gentes
1093 2685 1253 2768 cogitandi
1289 2745 1293 2753 ,
1323 2755 1339 2770 ,

148 2820 330 2866 consensus
355 2801 496 2881 exsistit,
533 2801 566 2862 in
602 2801 642 2865 iis
683 2802 857 2882 proverbia
883 2801 1054 2890 dissentire
1080 2821 1144 2864 non
1171 2821 1254 2886 pos·
1289 2821 1295 2832 ¹

149 2924 247 2996 sunt3
290 2923 428 2978 atvero
456 2915 572 2998 quibus
604 2916 637 2980 in
662 2917 760 2979 rebus
787 2915 954 2980 diversum
985 2917 1145 3002 cogitandi
1172 2936 1253 2983 sea·

149 3029 309 3111 tiendique
334 3031 464 3095 modurn
497 3035 599 3096 secuti
625 3040 709 3112 sunt,
745 3033 777 3095 in
803 3035 843 3097 iis
867 3035 1112 3118 proverbiorum
1138 3035 1252 3098 di'ver-

149 3151 275 3216 sitatem
301 3169 378 3213 esse
402 3151 562 3214 neminem
588 3153 709 3214 latebit.
748 3151 868 3215 Omnes
896 3161 1011 3237 gentes
1038 3153 1068 3215 in
1098 3169 1148 3237 eo,
1168 3149 1255 3240 quod
1343 3239 1348 3246 x

150 3265 254 3332 status
280 3268 357 3332 felix
382 3280 417 3332 et
441 3279 543 3334 status
570 3271 681 3334 infelix
706 3272 846 3352 oppositi
870 3271 942 3348 sint,
980 3272 1200 3353 consentiunt,
1225 3269 1255 3337 in

151 3383 358 3446 describendo
386 3393 493 3447 autem
518 3392 607 3449 statu
632 3385 717 3448 felici
743 3393 775 3447 et
802 3384 919 3446 infelici
943 3384 1151 3450 vehementer
1178 3382 1250 3444 dis·.

151 3500 299 3564 sentiunt.
350 3500 495 3563 Arabum
534 3509 640 3565 status
678 3501 756 3564 felix
781 3498 898 3582 pabulo
926 3499 1108 3562 abundante
1127 3497 1254 3566 niteba-
1363 3547 1368 3555 ,

153 3625 212 3696 tur,
248 3626 443 3700 quapropter
468 3619 499 3680 in
524 3616 716 3704 proverbiiS,
755 3618 782 3681 si
807 3623 915 3682 status
942 3615 1019 3679 felix
1048 3614 1252 3699 describitur,

154 3743 268 3798 terram
303 3735 418 3820 longas
458 3745 492 3799 et
550 3735 705 3798 florentes
744 3735 861 3798 herbas
897 3734 1078 3817 producere
1119 3731 1258 3814 legimus

154 3853 190 3916 (i.
219 3851 250 3930 1,
279 3852 359 3915 122.
413 3851 477 3930 Qui
501 3853 588 3915 votis
614 3851 735 3932 potitus
763 3859 825 3934 est,
852 3853 880 3913 is
907 3848 1058 3932 pabulum
1085 3848 1252 3910 invenisse

42 3977 43 3984 ’
154 3967 265 4031 dicitur
291 3968 330 4030 C.
361 3968 417 4047 18,
446 3969 526 4032 169.
577 3967 699 4031 Pabulo
727 3967 908 4030 abundante
937 3964 1049 4028 cameli
1075 3965 1127 4026 lac
1151 3964 1256 4026 abun-

153 4085 228 4148 dans
254 4086 428 4168 emittunt3
455 4086 495 4172 in¹
510 4087 655 4148 Arabum
681 4085 861 4166 proverbiis
888 4081 985 4168 igitur
1012 4083 1064 4146 lac
1091 4080 1258 4162 copiosum

156 4202 281 4286 bonum,
320 4201 370 4264 lac
395 4220 535 4282 paucum
561 4201 679 4265 malum
706 4199 867 4283 significat
894 4199 932 4264 C.
964 4197 1019 4276 12,
1049 4195 1094 4260 13
1133 4204 1166 4260 et
1192 4195 1261 4254 vita

157 4319 321 4382 commoda
345 4319 376 4380 in
402 4337 452 4397 eo,
484 4317 569 4400 quod
594 4319 744 4403 butyrum
771 4334 968 4397 caseumque
995 4321 1123 4397 parant,
1151 4309 1261 4374 corni·
