3022 4940
726 345 955 412 -m-

289 531 549 604 dlohamrnedioa
570 534 739 600 interdieta
768 542 821 598 est
848 529 898 613 21,
922 529 972 600 68
1014 530 1174 598 Hostilius
1203 529 1320 597 malum
1338 531 1402 595 irr-

290 647 377 712 lerre
398 643 554 710 debemus
575 644 630 728 28,
654 641 717 724 tlt
744 641 803 706 sed
824 661 864 706 ue
885 642 1001 705 robore
1047 647 1080 703 et
1099 637 1198 704 armis
1219 648 1401 723 praestan-

291 755 404 819 noran
423 763 457 816 te
476 749 675 836 aggrediaris
698 748 731 833 6,
754 749 810 816 101
835 757 891 812 aut
912 745 1119 831 experientiis
1140 746 1310 829 probatum
1329 767 1399 810 ex·

291 861 440 946 perieris,
465 843 703 941 poenitentium
717 856 801 918 enim
823 871 906 939 ages
924 852 975 930 24,
999 851 1069 919 518.
1112 851 1257 915 luoursio
1278 853 1310 916 iu
1325 861 1403 916 ter-

289 977 360 1041 'ram
380 967 528 1032 hostilem
549 962 790 1028 commendatur
814 961 862 1040 19,
887 963 949 1044 773
972 961 1057 1045 quod
1088 961 1116 1024 si
1139 981 1219 1026 vero
1240 959 1404 1027 homoin-

291 1079 399 1144 le'stus
416 1095 455 1142 se
474 1073 634 1157 submisit,
655 1091 696 1136 eo
716 1066 939 1135 abstinendum
960 1079 1013 1136 est
1036 1071 1065 1150 1,
1088 1068 1140 1137 53.
1228 1067 1234 1073 “

740 1391 855 1484 0111.
880 1383 984 1480 ΙΙΙ.

290 1630 354 1695 De
378 1625 531 1705 nendi
557 1623 725 1686 nilons
746 1618 1093 1691 eustominus,
1126 1600 1404 1688 propinques,

645 1737 824 1804 centem,
841 1727 1059 1787 familiana

377 1921 540 2006 Cognatio
560 1919 631 1984 sine
651 1935 763 1982 amors
783 1915 903 1978 inutilis
923 1919 975 1979 est
996 1911 1050 1994 17,
1073 1909 1133 1988 15,
1160 1925 1236 1974 uam
1261 1909 1405 1994 sinog-

290 2035 390 2096 neom
409 2029 467 2094 titi
488 2027 574 2092 utilis
594 2041 659 2091 uon
680 2031 742 2106 est,
765 2023 851 2088 idem
872 2029 926 2086 est
956 2037 998 2085 eo
1020 2019 1057 2084 -si
1081 2026 1240 2102 eoguntus
1276 2032 1337 2080 son
1357 2019 1408 2082 sit

295 2133 327 2216 2,
348 2135 402 2204 65.
445 2135 617 2219 (legonatus
645 2143 784 2216 eogueto
813 2133 965 2196 auxilium
985 2131 1050 2194 lert
1079 2129 1107 2208 1,
1143 2125 1212 2194 165.
1240 2134 1276 2191 et
1305 2125 1334 2190 si
1366 2127 1400 2190 ei

294 2245 448 2311 iuimioos
473 2251 529 2308 est
557 2243 611 2320 23,
639 2239 708 2308 282.
746 2238 817 2307 283.
860 2237 1025 2322 Cognatio
1053 2245 1160 2301 autem
1188 2237 1317 2319 propior
1343 2255 1406 2300 re-

298 2355 424 2423 motiori
440 2354 472 2418 iu
494 2347 714 2416 convertendis
733 2348 830 2413 rebus
851 2343 1061 2430 praeterendo
1082 2353 1134 2408 est
1152 2345 1186 2426 8,
1207 2339 1267 2408 tn

378 2497 561 2580 Propinquo
581 2493 732 2558 auxilium
749 2493 803 2585 ier
824 2502 858 2556 et
887 2488 916 2555 si
944 2510 1017 2554 eum
1048 2488 1121 2555 odio
1150 2487 1252 2552 habes
1295 2484 1328 2562 3,
1351 2483 1408 2576 29,

296 2623 369 2670 nom
391 2605 602 2691 propinquum
625 2605 707 2669 tueri
727 2605 826 2670 debes
847 2603 880 2688 6,
902 2604 953 2672 35.
994 2603 1168 2689 Propinqui
1188 2601 1411 2668 animaruum

297 2713 449 2781 auxilium
471 2715 581 2780 lerunt
602 2715 655 2800 21,
678 2713 750 2784 323.
774 2723 808 2780 et
829 2717 880 2781 vir
899 2715 1023 2780 uonuid
1044 2735 1103 2799 per
1122 2715 1320 2798 propinquos
1328 2729 1411 2800 eum

292 2817 368 2908 'ipso
384 2821 520 2905 jonotos
540 2833 656 2907 potens
679 2831 730 2888 est
751 2823 802 2906 23,
817 2819 870 2891 81.
883 2823 1056 2908 Propinqui
1071 2831 1178 2886 estote
1194 2840 1267 2885 oum
1283 2839 1412 2907 amore,

298 2929 358 3001 sed
379 2939 422 2994 us
442 2931 474 2994 in
495 2931 728 3018 propinquitate
750 2929 900 2993 liduoiam
921 2931 1031 3015 ponite
1051 2931 1082 3014 3,
1108 2927 1188 3014 161,
1219 2948 1293 2994 nam
1326 2949 1412 3010 pro·

297 3037 407 3140 pinqui
427 3037 483 3102 tibi
504 3035 645 3106 debitum
667 3035 822 3100 auxilium
843 3056 906 3104 nou
928 3055 1057 3122 semper
1076 3047 1247 3129 praestant
1268 3039 1319 3119 lil,
1334 3035 1414 3108 119.

297 3151 373 3214 etsi
393 3165 477 3231 gaus
498 3145 645 3228 dorequo
667 3153 803 3232 pugnet,
825 3146 1069 3228 propinquitatis
1093 3149 1222 3212 vincula
1242 3137 1411 3229 rumpun-

297 3265 349 3321 tur
368 3253 420 3331 21,
443 3251 515 3322 320.
557 3253 811 3337 Propinquorum
831 3251 988 3337 iniustitia
1019 3255 1125 3338 magis
1153 3251 1268 3340 laedit,
1309 3273 1415 3338 quam

296 3361 395 3448 gladii
414 3363 499 3445 intus
521 3359 571 3442 17,
588 3359 650 3440 35,
668 3379 721 3424 'nn
739 3360 838 3446 igitur
857 3362 1053 3446 propinquos
1076 3363 1161 3433 viles
1181 3362 1414 3447 familiamque

299 3473 393 3552 parvi
413 3469 536 3535 habeas
554 3467 610 3558 21,
632 3471 705 3543 260.
730 3469 893 3539 smenon
913 3472 945 3534 iu
965 3472 1160 3555 propinquos
1177 3473 1323 3536 conferre
1345 3471 1418 3536 de-

287 3575 411 3646 neum
432 3585 482 3657 11,
504 3577 564 3658 23,
585 3599 659 3644 uam
685 3581 881 3664 propinquos
902 3581 1067 3665 negligere
1087 3594 1121 3644 es
1149 3581 1181 3643 in
1213 3582 1416 3666 peregrinos

294 3687 455 3754 mnenon
475 3690 812 3773 eoeleste-vituperio
834 3690 963 3771 dunum
985 3701 1039 3755 est
1061 3687 1111 3771 19,
1133 3693 1187 3760 82.
1213 3695 1250 3756 ln
1269 3691 1420 3776 propiu-

292 3813 432 3882 quorum
453 3796 546 3862 uobis
564 3797 692 3884 ingrata
710 3797 828 3882 agendi
849 3801 972 3867 ratione
993 3801 1146 3885 patientia
1166 3799 1321 3866 utendum
1355 3812 1420 3868 est

299 3902 351 3988 18,
370 3900 424 3972 55.

381 4031 447 4115 Qui
466 4043 580 4100 eontra
607 4044 738 4119 gentem
763 4047 857 4100 suam
886 4033 1029 4118 injustus
1043 4035 1112 4099 ¹‘est
1141 4031 1261 4114 18,.16
1282 4042 1329 4098 -et
1343 4037 1416 4118 qni

297 4142 387 4226 genti
409 4161 492 4207 suae
512 4163 631 4211 noxam
652 4143 764 4224 infert,
796 4145 1032 4240 vituperandus
1070 4153 1124 4210 est
1148 4145 1201 4224 19,
1235 4141 1306 4214 139.
1349 4145 1420 4210 Ne

298 4263 409 4324 eontra
429 4255 561 4346 genten
582 4261 670 4324 tunm
691 4255 833 4352 injustus
855 4257 902 4326 sis
916 4245 978 4342 26,
995 4245 1156 4339 mereo
1174 4255 1317 4338 elusre's
1333 4274 1417 4322 ι16·
1465 4228 1471 4240 ’
