3082 4942
728 367 974 454 -raof
1111 393 1114 396 -

373 553 409 626 c)
431 549 677 618 societatis.
727 553 832 618 Dirce
860 551 990 617 arven
1010 551 1122 618 cetere
1142 567 1207 618 nan
1234 561 1344 636 potant
1365 558 1394 641 t,

293 653 381 736 1354
420 657 514 724 dives
541 657 615 720 aine
648 660 845 722 necessitate
872 677 952 741 opea
973 668 1091 742 erogat
1111 657 1163 737 24,
1185 659 1260 727 502
1267 677 1280 741 ,·
1303 659 1394 726 altrea

291 768 395 833 amaia
415 767 573 850 sapertun
595 774 648 830 cat
668 764 720 849 22,
745 767 814 847 23.;
834 767 951 848 opilrna
974 766 1144 830 anaema
1164 785 1266 851 aaepe
1292 786 1395 854 gane-

292 895 387 942 roana
409 891 461 940 eat
485 875 530 952 10,
558 875 647 956 148.,·
669 877 725 958 qui
745 875 903 939 desinerio
919 876 1049 959 potitur,
1065 878 1211 940 celeriter
1229 876 1399 959 desperare

294 987 380 1050 solet
400 985 453 1070 24,
474 983 564 1065 590,
588 985 644 1068 qui
665 986 833 1049 commoda
854 987 923 1048 vita
942 986 1058 1069 utitur,
1080 984 1121 1048 ad
1153 1004 1227 1050 enm
1256 987 1399 1052 heminae

293 1096 390 1160 facile
412 1096 612 1160 adsuescunt
633 1095 667 1179 3,
694 1093 782 1175 179.‚·
802 1096 856 1176 qui
878 1111 916 1157 re
937 1095 1124 1160 necessarie
1144 1109 1207 1158 nen
1238 1105 1334 1182 eget,
1357 1109 1396 1158 ct

291 1213 442 1268 carentes
465 1203 587 1268 deridet
608 1205 640 1287 2,
661 1202 730 1284 64.,·
752 1213 941 1286 paupertate
963 1221 1099 1286 presens
1121 1221 1205 1286 open
1228 1205 1395 1287 acquirere

294 1311 405 1375 studet
435 1311 487 1388 24,
515 1310 605 1393 402.,·
631 1311 687 1393 qui
714 1313 899 1374 necessario
932 1322 1009 1395 eget
1041 1331 1089 1396 rc,
1118 1313 1394 1397 recensenti,

298 1423 386 1500 117.,·
406 1439 531 1503 parrper
553 1421 710 1485 lrcrrelicia
730 1421 878 1484 conferre
899 1423 982 1484 solet
1003 1421 1056 1504 22,
1082 1421 1171 1502 1545
1193 1430 1308 1506 potens
1330 1425 1399 1488 ira-

297 1537 350 1592 tua
384 1527 543 1592 timendae
575 1538 627 1592 est
662 1527 715 1612 23,
737 1527 826 1608 333.;
856 1548 994 1614 magnus
1015 1531 1043 1593 ai
1064 1544 1216 1612 magnum
1246 1532 1403 1614 consequi

294 1656 357 1701 non
380 1645 495 1720 pateat,
519 1655 621 1718 parvo
643 1645 814 1701 contentus
836 1647 888 1702 cat
915 1639 940 1721 l,
964 1637 1055 1720 452,-
1076 1642 1129 1724 qni
1152 1659 1224 1708 curn
1253 1641 1404 1722 potenti·-

296 1765 352 1813 are
373 1766 441 1812 rcnr
464 1749 572 1831 trabat,
594 1749 741 1812 vincatur
764 1767 902 1812 necesse
924 1760 975 1812 est
990 1743 1047 1833 ’23,
1077 1750 1169 1831 557.‚·
1184 1751 1252 1834 ·qui
1280 1751 1400 1815 bonurn

296 1875 359 1923 non
381 1858 486 1920 noscit
514 1857 544 1919 ci
572 1873 709 1937 pravum
740 1857 849 1937 placat
877 1855 929 1940 24,
951 1854 1043 1935 474.,·
1065 1860 1120 1939 qni
1142 1877 1179 1918 rc
1200 1865 1290 1920 caret
1325 1876 1401 1922 cunr

294 1965 439 2028 deridere
458 1967 552 2048 eolat,
574 1965 628 2046 qni
646 1983 717 2028 earn
741 1963 885 2044 pcsridot
907 1964 936 2035 7,
963 1962 1050 2042 150,
1072 1963 1145 2026 vilis
1167 1983 1187 2026 a
1216 1965 1406 2032 calamitate

294 2075 403 2156 gentis
433 2074 635 2138 commodum
662 2093 763 2156 aacpe
794 2073 928 2155 percipit
956 2070 1104 2155 25,19.,·
1137 2091 1156 2135 a
1187 2071 1243 2134 vili
1272 2071 1408 2140 inlatam

295 2183 499 2266 ignominiam
520 2183 605 2245 ferre
627 2199 689 2245 non
711 2197 885 2263 possumne
914 2179 1037 2261 23,1.,·
1061 2171 1114 2242 vili
1136 2181 1227 2242 nobis
1247 2180 1410 2249 interdum

297 2311 381 2375 apua
403 2300 454 2356 eet
476 2293 509 2375 1,
525 2291 596 2358 446.
603 2312 614 2370 ,·
637 2291 689 2372 qui
711 2310 731 2354 a
754 2290 809 2353 vili
830 2296 985 2371 regnatur
1008 2288 1080 2371 ejus
1103 2289 1241 2352 conditio
1261 2291 1409 2372 pessima

297 2411 347 2466 eal
369 2402 403 2482 7,
426 2399 495 2480 79.,·
517 2399 682 2481 adjutores
704 2419 766 2462 non
794 2395 916 2462 habens
938 2401 969 2462 in
997 2401 1102 2481 patria
1130 2400 1321 2482 peregrinus
1351 2409 1408 2465 cet

297 2513 349 2595 20,
372 2510 421 2575 74.
429 2533 441 2589 ‚·
463 2513 514 2572 cui
535 2510 630 2592 pauci
650 2509 813 2592 adjutores
829 2517 916 2592 sunt,
938 2511 966 2574 is
989 2512 1135 2586 vincitur,
1160 2519 1195 2574 at
1217 2509 1409 2591 cujuspra-

295 2617 401 2702 pinqui
424 2618 619 2702 multisunt,
643 2617 715 2700 ejus
738 2619 854 2682 inimici
885 2619 981 2702 pauci
1003 2627 1079 2681 eunt
1106 2615 1166 2695 24,
1187 2616 1279 2697 313.,·
1301 2618 1330 2679 ai
1352 2617 1410 2680 in·

291 2730 378 2813 juria
401 2731 510 2794 laeana
532 2732 672 2812 queritur
694 2729 901 2794 excusandus
930 2739 984 2793 est
1004 2729 1056 2812 23,
1089 2729 1178 2810 151.,·
1200 2731 1253 2812 qui
1289 2729 1413 2793 malam

295 2846 450 2920 expertus
472 2845 533 2919 est,
557 2837 648 2900 tirnet
668 2835 719 2913 24,
742 2837 813 2903 303.
825 2857 836 2916 ,·
858 2838 955 2900 rnio'er
977 2853 1049 2899 curn
1072 2837 1190 2900 minero
1215 2821 1408 2917 aeconltili-

293 2945 342 3030 git
366 2945 394 3030 4,
416 2943 509 3022 322.,·
532 2954 659 3007 amatus
680 2945 828 3006 convicio
850 2944 967 3025 petitur
984 2943 1036 3021 24,
1062 2943 1155 3026 579.,·
1177 2944 1406 3010 adramium
1523 2949 1524 2964 ¹

296 3073 361 3118 non
395 3051 517 3116 habena
545 3051 605 3111 eibi
634 3051 767 3112 vincere
793 3050 923 3112 videtnr
944 3050 994 3123 22,
1019 3051 1068 3116 27.
1091 3050 1164 3130 20,·
1198 3045 1407 3134 vituperatis

293 3161 450 3224 interdum
474 3160 545 3220 sine
565 3160 657 3240 culpa
678 3165 729 3220 cst
754 3156 804 3239 10,
829 3155 914 3238 100.,·
937 3160 1059 3221 amicus
1081 3160 1180 3242 patria
1204 3167 1412 3241 patruueeet

295 3267 351 3328 filii
376 3266 424 3344 44,
449 3265 535 3344 1254
565 3265 695 3347 quilibet
726 3265 848 3328 arnicas
877 3287 940 3328 non
969 3275 1020 3329 est
1057 3267 1179 3330 amicus
1194 3339 1198 3342 ,
1215 3267 1328 3328 rrnieus
1350 3255 1411 3344 22,

299 3372 390 3453 125.,·
419 3381 495 3458 qaat
519 3375 642 3437 arnicas
662 3373 806 3455 lacryma
826 3373 900 3436 rnihi
922 3374 1104 3456 acquisivit,
1127 3380 1174 3437 tot
1203 3375 1314 3437 natiti'e
1336 3375 1409 3436 eri·-

295 3485 364 3563 puit
385 3483 439 3566 22,
462 3479 553 3563 eet,-
576 3485 628 3567 qui
649 3491 739 3568 totas
761 3489 873 3564 prote
896 3492 958 3565 eat,
990 3483 1019 3544 is
1049 3489 1135 3544 totus
1166 3490 1278 3546 eontra
1298 3491 1334 3546 te
1355 3490 1418 3547 eet

261 3583 264 3587 ’
292 3589 347 3671 24,
369 3590 440 3658 444.
448 3613 460 3670 ,·
482 3591 535 3674 qui
558 3589 714 3653 commodi
737 3591 782 3652 tui
801 3591 966 3670 particeps
987 3599 1051 3672 eat,
1075 3589 1148 3672 'ejus
1169 3609 1255 3654 noxa
1274 3607 1413 3673 qnoque

296 3694 339 3758 all
362 3703 394 3756 te
415 3696 583 3776 perveniet
604 3692 638 3775 5,
662 3695 714 3760 70.
726 3715 737 3772 ,·
779 3695 908 3756 vinculo
930 3695 1069 3777 quodam
1091 3703 1197 3760 tecum
1226 3716 1289 3760 non
1324 3713 1417 3759 con-

290 3802 422 3890 junctae
457 3804 584 3865 nonnisi
615 3811 737 3864 tanturn
765 3801 917 3864 auxilium
943 3803 998 3864 tibi
1027 3803 1128 3883 feret,
1160 3814 1311 3888 quantum
1342 3804 1414 3867 sibi

294 3913 372 3973 utile
394 3920 444 3972 est
470 3913 517 3986 18,
540 3908 628 3989 1925
649 3909 685 3972 tit
707 3925 825 3992 saepe,
850 3917 884 3971 ut
905 3909 959 3990 qni
980 3909 1143 3992 conjuncti
1166 3912 1239 3976 odio
1260 3930 1298 3974 ee
1323 3931 1412 3994 per·-

297 4027 482 4099 merantur,
505 4017 645 4099 separati
666 4033 705 4078 se
725 4022 833 4078 ament
852 4016 905 4100 20,
926 4015 976 4094 3.,·
1008 4035 1109 4099 saepe
1144 4037 1194 4100 οι,-
1224 4037 1310 4101 quae
1343 4015 1422 4082 ertit

296 4124 353 4188 rial
374 4125 536 4187 molestior
576 4131 639 4204 cet,
662 4137 756 4204 quarn
780 4127 881 4184 mater
905 4123 954 4202 10,
985 4122 1054 4203 75,·
1086 4126 1278 4207 peregrinus
1306 4141 1419 4208 perc-

299 4234 388 4315 griao
411 4237 570 4316 cognatus
592 4238 642 4294 eet
657 4229 717 4314 22,
739 4228 831 4308 250,
859 4229 1016 4312 peregrini
1052 4232 1218 4314 regionam
1251 4231 1419 4297 tabellarii
