3082 4942
563 405 603 419 -
648 373 708 437 151
754 401 803 420 -·

136 559 239 624 donee
260 558 322 622 oioi
346 556 504 620 desiderio
524 557 665 620 inciteris
693 557 745 640 23,
767 558 845 626 1339.
902 558 1005 624 Omne
1025 562 1154 626 multum
1176 582 1241 627 ῃ,-

134 676 229 730 turae
249 664 442 729 eontrarium
464 673 516 726 eat
537 663 586 742 22,
611 663 695 745 260,
717 666 848 748 quilibet
875 675 982 732 autem
1011 669 1099 734 vitae
1128 668 1240 734 diebus

134 773 258 839 modice
281 781 388 837 utatur
408 771 440 854 8,
461 770 512 838 35.

580 1070 692 1161 Coe.
722 1069 797 1160 ΙΙ.

272 1238 332 1292 lte
350 1236 553 1307 demina,
572 1235 823 1305 ignorantia,
847 1235 1103 1308 stupiditate.
1169 1255 1170 1262 ¹
1229 1263 1232 1268 ·

215 1356 367 1417 Doctrina
387 1355 472 1417 nulio
494 1356 524 1416 in
544 1356 615 1416 ioco
637 1344 879 1434 prouerbiorunr
901 1365 957 1418 aut
971 1355 1159 1418 describitur
1175 1357 1232 1420 dut

111 1538 117 1548 1
136 1464 387 1544 commendatur,
401 1464 459 1525 sed
473 1462 600 1525 doctum
612 1465 758 1525 homines
770 1471 832 1526 non
844 1467 1087 1550 amarit10‚145.
1105 1478 1137 1531 et
1152 1469 1239 1532 docti

133 1573 320 1633 societatem
335 1569 434 1632 vicini
445 1570 582 1631 maxime
598 1570 726 1652 fugiunt
742 1572 792 1652 11,
804 1571 853 1634 83.
866 1572 949 1633 conf.
961 1572 1012 1655 24,
1027 1574 1096 1639 131.
1121 1579 1240 1639 Scien-

137 1680 182 1738 tia
202 1687 307 1740 autem
331 1681 361 1740 in
382 1679 510 1739 homine
520 1678 666 1739 laudatur
689 1677 742 1759 21,
766 1678 814 1747 79.
855 1679 919 1756 Qui
939 1680 1104 1742 scientiam
1126 1684 1241 1743 oecul-

133 1791 192 1860 tat,
226 1793 278 1846 est
316 1804 356 1848 ao
384 1787 412 1847 ei
447 1805 518 1849 eam
551 1786 680 1868 ignorat
719 1786 771 1868 24,
804 1783 874 1850 565.
924 1786 1055 1849 Vinoite
1075 1787 1241 1851 seientiam

134 1892 307 1974 scriptura!
341 1893 392 1969 21,
424 1891 494 1957 152.
538 1889 575 1954 Si
610 1891 725 1954 doctus
748 1911 797 1968 es,
818 1892 864 1953 ni
886 1900 920 1954 ut
942 1891 1073 1974 ignarus
1095 1893 1145 1980 22,
1168 1892 1239 1960 291.

131 2000 314 2084 Ignorantia
338 2011 445 2062 autem
465 1999 561 2062 noxia
582 1997 615 2080 5,
645 1999 716 2064 204.
759 1997 813 2080 26,
834 1997 885 2063 85.
917 2008 949 2062 et
970 2001 1119 2064 vivorum
1148 2020 1236 2065 mors
1347 2067 1354 2092 Ι

133 2117 185 2170 est
204 2107 236 2191 5,
260 2105 331 2173 209.
374 2107 555 2190 stupiditas
577 2107 694 2168 maium
716 2113 766 2168 est
789 2106 841 2190 11,
866 2104 915 2172 11.

425 2329 429 2344 Ι
567 2405 677 2526 Gar.
708 2405 809 2493 ΙΙΙ.
859 2505 868 2516 ‚

399 2570 459 2625 lie
482 2533 694 2640 “pientia
717 2575 760 2626 et
781 2572 974 2629 stultitia

218 2684 416 2768 Sapientiam
453 2705 582 2768 eemper
617 2707 774 2772 quaerore
811 2691 1114 2756 Mohammedanum
1144 2689 1240 2757 decet

53 2817 63 2828 ·
133 2793 165 2880 6,
189 2797 278 2878 13125
312 2797 429 2862 stultus
450 2798 535 2860 nulta
555 2817 590 2860 re
611 2799 750 2865 laetetur
770 2806 822 2886 11,
844 2799 894 2868 68.
924 2813 958 2868 et
985 2801 1158 2886 despectus
1191 2812 1242 2870 eet

135 2905 188 2988 12,
211 2905 262 2972 54.

577 3205 690 3296 Con.
719 3203 805 3296 1V.
877 3317 881 3326 Ι

397 3366 457 3420 lte
474 3365 634 3422 dlvttssu
651 3372 694 3422 et
708 3371 967 3436 munera-re.

217 3479 251 3570 §-
275 3483 304 3550 1.
346 3486 405 3547 De
433 3486 673 3551 divitiarum
702 3485 937 3552 commodis.
997 3485 1070 3549 litei
1101 3487 1242 3552 nonnulii

133 3615 238 3658 reruni
260 3595 487 3660 mundanarum
511 3597 704 3661 desiderium
726 3597 908 3678 vituperant
941 3599 971 3678 7,
995 3596 1063 3681 54„
1086 3618 1158 3664 nam
1190 3599 1243 3662 di-

134 3702 233 3766 vitiae
269 3711 403 3785 pereunt
438 3713 471 3768 ot
505 3707 642 3770 virtutes
679 3713 810 3768 manent
842 3705 892 3783 28,
920 3704 995 3771 128.ὶ
1019 3714 1054 3767 ot
1082 3708 1240 3789 pecuniae

134 3809 312 3891 eupidinem
334 3811 621 3878 Mohammedauos
642 3830 816 3895 separasse
837 3812 945 3875 dieunt
965 3811 997 3895 3,
1022 3813 1108 3893 172.;
1130 3823 1236 3877 tannen

135 3911 254 3980 divitiis
275 3936 337 3981 aua
356 3917 427 3984 leus
448 3920 479 3982 in
494 3919 672 4002 proverbiis
687 3930 747 3983 est
791 3919 881 4002 Opes
897 3930 974 3984 aunt
987 3919 1100 3984 duiooe
1115 3918 1145 3997 6,
1157 3918 1238 4004 2023

135 4029 169 4082 et
190 4021 283 4088 dives
313 4024 465 4091 fratribua
496 4027 635 4092 dilectus
666 4029 694 4104 1,
723 4026 795 4095 168.
831 4039 864 4091 et
894 4028 1034 4092 familiae
1059 4029 1238 4094 honoratus

137 4137 189 4190 oet
205 4130 259 4208 24,
280 4131 351 4200 529.
385 4133 559 4216 0puleutia
582 4145 764 4201 contentum
786 4137 889 4202 reddit
910 4156 1104 4221 generosum
1130 4141 1165 4217 1,
1186 4137 1240 4206 69.

137 4243 173 4300 et
199 4234 252 4300 diu
278 4239 397 4306 divitiis
425 4243 621 4310 oblectamur
649 4244 700 4328 18,
728 4246 780 4314 42.
829 4247 971 4310 Divitiae
998 4246 1102 4328 ipsam
1123 4243 1238 4329 stupidi
