3082 4942
445 825 458 848 ⁰
567 816 685 907 Uir.
727 818 836 907 V11.

384 1050 388 1066 ί
426 982 487 1038 lle
517 981 662 1040 labore
681 990 723 1041 et
745 983 967 1042 indrustrle.

228 1099 336 1167 habor
358 1101 630 1170 commendandus
653 1113 705 1168 est
725 1103 799 1172 456.
822 1104 853 1194 6,
877 1105 948 1174 231.
973 1114 1008 1170 et
1028 1105 1182 1174 industria
1202 1103 1258 1189 23,

146 1217 217 1292 278,
240 1238 313 1282 nam
334 1218 388 1304 qui
412 1237 493 1302 opus
514 1237 642 1302 semper
662 1217 751 1296 fecit,
774 1226 890 1302 postea
919 1217 1029 1302 quiete
1052 1219 1111 1280 lrui
1145 1224 1255 1302 potest

114 1319 118 1326 ’
147 1327 198 1411 24,
224 1326 295 1394 613.
330 1337 362 1390 et
391 1327 444 1412 qui
469 1323 699 1408 operum‘det,
728 1325 756 1386 is
788 1325 893 1406 puscit
920 1325 972 1400 24,
995 1323 1088 1410 506.;
1129 1323 1188 1390 eed
1214 1343 1255 1388 ue

146 1436 293 1499 continuo
315 1456 413 1516 opere
435 1444 491 1496 tuo
514 1425 584 1496 allii
606 1432 783 1494 molestiam
816 1435 925 1497 crees!
950 1433 1002 1511 10,
1027 1433 1075 1502 10.
1117 1433 1257 1518 Ignavia

146 1562 225 1606 vero
249 1552 300 1605 est
321 1541 480 1622 vituperio
502 1539 599 1624 digna
622 1538 672 1621 18,
700 1539 767 1604 193.
813 1537 876 1618 Qui
896 1539 1013 1600 bouum
1025 1541 1157 1620 assequi
1172 1539 1255 1620 vult,

151 1651 323 1713 clamorem
345 1649 435 1709 tollat
472 1647 527 1726 10,.
545 1645 596 1710 48.
631 1652 665 1705 et
694 1645 748 1724 qui
773 1644 857 1705 bono
879 1643 940 1704 frui
972 1645 1061 1716 vult,
1093 1646 1259 1710 molestiae

147 1758 289 1840 perferat
317 1753 354 1827 6,
378 1749 451 1818 253.
485 1751 560 1834 23,
587 1749 659 1816 634.
690 1749 773 1814 conf.
804 1749 861 1833 22,
891 1746 942 1814 80.
988 1748 1028 1832 ι6,
1058 1749 1109 1816 93.
1152 1750 1197 1814 Ut
1217 1751 1258 1816 ad
1316 1813 1323 1818 ,
1411 1783 1414 1795 ›

150 1864 304 1928 laetitiam
327 1859 514 1944 perveniat,
533 1877 586 1920 res
618 1861 764 1942 ingratas
792 1859 886 1921 homo
913 1859 1080 1941 suscipere
1110 1858 1206 1924 debet
1231 1863 1257 1934 l,

147 1969 236 2051 376,
260 1987 453 2052 quemquam
475 1967 709 2048 inuoluptate,
733 1984 817 2056 quae
838 1951 929 2028 nobis
950 1985 1055 2048 grave
1082 1986 1163 2030 enus
1192 1969 1255 2034 im·

146 2080 245 2162 ponit,
269 2077 310 2139 nil
334 2067 493 2139 commodi
515 2084 567 2137 est
588 2074 640 2157 24,
663 2074 732 2141 568.
776 2075 845 2140 Res
875 2085 983 2140 autem
1012 2078 1125 2162 gravis
1155 2097 1259 2161 pauco

147 2187 255 2250 lubere
276 2205 338 2247 non
360 2185 524 2268 perficitur
546 2184 597 2270 23,
606 2185 696 2265 530,
718 2184 787 2264 sed,
812 2193 848 2247 ut
860 2185 967 2248 *rebus
990 2188 1130 2267 speratis
1152 2187 1260 2268 potie-

153 2317 236 2379 mur,
258 2295 400 2378 perieula
432 2295 597 2357 subeunda
624 2306 698 2358 sunt
727 2297 778 2380 24,
808 2296 883 2365 609.
924 2299 1167 2382 vituperandus
1199 2309 1262 2380 est,

149 2403 203 2482 qui
226 2401 332 2462 eibum
354 2397 451 2461 avide
473 2398 607 2481 deglutit
627 2409 658 2464 et
680 2402 709 2461 in
734 2422 831 2484 opere
843 2402 954 2468 tardus
976 2413 1026 2466 est
1046 2406 1073 2482 1,
1092 2403 1163 2474 339.
1192 2403 1260 2466 Sed

151 2525 233 2590 opus
255 2505 368 2568 leuiter
391 2515 502 2584 traete,
527 2528 567 2568 ne
590 2507 717 2570 noxium
739 2507 812 2570 iude
834 2512 945 2593 capias
979 2512 1031 2593 24,
1061 2511 1130 2590 50,
1158 2513 1260 2576 mole-

150 2615 214 2676 stia
235 2613 397 2696 superflue
420 2613 570 2674 evitanda
593 2622 645 2674 est
668 2611 720 2696 10,
742 2611 794 2678 42.
837 2617 901 2678 Ars
924 2618 954 2676 in
980 2637 1074 2678 manu
1097 2597 1143 2680 est
1159 2637 1260 2680 secu-

150 2722 227 2784 ritas
248 2742 269 2784 a
289 2728 481 2804 paupertate
520 2709 671 2798 1413&
706 2720 766 2803 24,
789 2721 860 2786 508.
897 2730 930 2783 et
956 2724 1009 2804 qui
1039 2733 1139 2786 artem
1169 2743 1261 2787 suam

150 2821 308 2914 relidquit,
333 2849 406 2892 eum
428 2831 557 2892 fortune
580 2829 726 2912 relinquit
749 2829 800 2912 94,
824 2827 914 2909 496,
938 2831 1083 2890 eruribus
1105 2852 1183 2893 vero
1205 2850 1263 2894 ur-

151 2934 244 2998 tibus'
268 2937 466 3020 agriculture
499 2936 714 3018 praeferenda
745 2944 798 2999 est
828 2935 863 3010 7,
886 2933 938 3000 86.
985 2937 1181 3000 Memlreatio
1212 2922 1281 3000 est

150 3052 332 3126 postremus
355 3045 412 3108 viri
436 3055 591 3127 quaestus
612 3041 664 3128 24,
690 3041 760 3110 129.-

471 3401 477 3410 .
536 3261 669 3414 ‘em
713 3324 853 3431 mir.

321 3487 382 3544 lle
398 3487 527 3544 rebus
545 3487 721 3555 utendis
738 3493 811 3544 aut
828 3488 1085 3546 emmenum.
1169 3539 1179 3548 .

240 3607 390 3688 Quaeres
410 3625 467 3672 res
487 3608 588 3672 stetui
608 3617 664 3672 tue
685 3605 916 3676 eonveirieutes
940 3612 972 3693 1,
995 3611 1087 3695 377,
1107 3632 1182 3678 num
1203 3615 1261 3697 qul
1360 3664 1363 3678 ,

153 3741 222 3786 rem
243 3719 330 3786 lmud
353 3719 601 3800 convenientem
623 3721 705 3804 agit,
727 3721 961 3802 vituperandus
984 3731 1036 3788 eet
1058 3721 1088 3802 9,
1113 3723 1164 3790 76.
1179 3724 1266 3788 ueul'.

155 3827 186 3908 3,
212 3829 262 3896 74.
304 3831 359 3892 Ne
380 3836 476 3911 petae
498 3847 577 3906 rem,
600 3847 695 3910 quam
720 3841 830 3911 petere
851 3849 914 3896 nou
943 3832 1043 3896 debes
1065 3831 1116 3909 13,
1138 3831 1167 3898 6.
1210 3831 1265 3914 2³,

154 3937 225 4003 225.
253 3956 356 4021 neque
378 3938 801 4022 rem,ouiimprr1,uul.
845 3947 900 4004 eut
929 3941 1021 4020 eujus
1052 3940 1179 4002 omuino
1211 3943 1266 4022 ig·

155 4063 254 4110 nurus
272 4065 312 4108 ee
337 4045 384 4130 ll,
406 4045 476 4126 80,
505 4046 674 4126 suscipias.
723 4044 896 4111 Prudentis
923 4054 992 4122 est,
1021 4065 1087 4109 rem
1111 4045 1268 4126 abjicere,

158 4171 253 4234 quem
273 4173 335 4216 non
357 4152 440 4214 berre
461 4160 579 4216 tractet
600 4153 651 4236 23,
661 4152 732 4222 993.
774 4154 858 4219 Rem
879 4172 973 4236 ages,
995 4153 1261 4234 quemperllcere

93 4297 98 4308 ·
158 4267 254 4346 petus
278 4261 327 4340 10,
351 4260 417 4341 343
439 4279 501 4322 neu
523 4274 691 4344 remotam,
729 4260 787 4324 sed
810 4279 913 4342 quam
930 4261 1090 4344 attingere
1117 4269 1212 4340 polee
1234 4259 1265 4332 7,
