3022 4940
724 363 952 432 uilli-

292 577 360 639 tica
386 579 420 637 et
445 567 616 634 torminum
644 561 794 627 veterum
819 553 999 622 eruditione
1026 555 1164 640 insignis
1191 563 1271 618 erat.
1317 547 1396 620 Stu-

294 694 347 758 dio
374 686 598 777 grammatices
624 692 658 748 et
685 679 946 766 lexicographiae
978 679 1128 741 absoluto
1154 673 1398 741 666021618-

295 812 394 902 gibus
422 807 541 874 Coraui
566 801 696 890 legendi
724 819 856 884 operam
887 799 1031 862 dederat.
1060 797 1188 860 Annum
1209 796 1326 860 aetatis
1351 797 1398 860 25

298 947 397 1013 quum
430 924 620 1012 attigisset,
668 939 780 983 omnes
824 917 1034 1001 quaestiones
1069 915 1223 978 memoria
1262 913 1400 978 tenebat.

298 1047 418 1112 Mense
450 1039 632 1127 Djumadae
658 1038 774 1122 prioris
815 1035 889 1100 anui
925 1031 995 1097 ael
1026 1030 1174 1118 bagdadi
1210 1032 1396 1112 exspiravit.

297 1163 358 1229 Sic
394 1156 713 1226 Ebu-Uballilrauns.
787 1155 824 1215 ln
867 1149 946 1215 libro
971 1150 1032 1216 ,vi
1040 1149 1148 1211 brist
1182 1147 1334 1230 inscripto
1372 1152 1401 1210 ei

300 1286 429 1362 practer
455 1275 568 1340 librum
594 1271 635 1335 de
662 1267 846 1354 proverbiis
871 1267 981 1352 plnres
1008 1266 1078 1330 libri
1103 1263 1335 1329 adscribuntur.

751 1573 865 1666 Gna.
901 1570 979 1660 VI.

545 1743 606 1802 Dc
622 1717 830 1800 'molienti‘
846 1733 1157 1795 commentante.

326 1963 330 1972 .
380 1905 489 1986 Quum
522 1912 631 1968 tantus
666 1903 720 1964 ille
758 1905 790 1964 in
816 1901 1044 1968 commentario
1079 1899 1252 1962 citatorum
1288 1911 1404 1964 aucto·

303 2041 377 2085 rum
398 2039 554 2082 numerus
580 2019 642 2102 sit,
667 2019 838 2100 sequitur,
866 2028 901 2082 ut
925 2036 1045 2102 magna
1060 2015 1157 2080 fucrit
1174 2013 1321 2078 Meidanii
1339 2017 1408 2079 do·
1483 2049 1484 2118 3

301 2139 406 2204 ctrina
431 2145 528 2220 atque
555 2136 733 2220 diligentia.
782 2137 902 2200 Omnes
929 2136 1041 2221 libros,
1067 2134 1100 2196 iu
1124 2134 1239 2216 quibus
1264 2152 1407 2216 prover-

301 2255 355 2322 bia
380 2255 519 2320 collecte
552 2265 586 2318 et
611 2256 772 2337 explicata
804 2255 870 2317 sint
896 2257 1057 2343 talesque,
1082 2255 1136 2338 qui
1158 2255 1406 2320 lucemadlerre

301 2373 487 2459 proverbiis
515 2381 661 2458 possent,
696 2373 782 2438 uullo
809 2374 960 2460 neglecto
985 2375 1017 2437 in
1045 2373 1280 2438 conscribendo
1308 2393 1409 2457 opere

301 2512 363 2558 suo
389 2499 557 2554 auctorem
573 2490 761 2556 adhibuisse
786 2490 944 2556 videmus.
998 2491 1157 2571 Quaestio
1182 2497 1305 2578 autem,
1324 2511 1408 2579 quo-

303 2607 398 2671 modo
426 2608 562 2674 aliorum
580 2629 681 2694 opera
700 2610 735 2672 in
758 2627 852 2674 usum
877 2629 973 2674 suum
988 2610 1202 2692 converterit,
1226 2627 1329 2692 quum
1359 2611 1413 2676 isti

305 2721 378 2791 libri
412 2705 517 2789 nobis*
541 2745 605 2789 nou
629 2733 775 2813 pateant,
813 2745 917 2810 neque
951 2735 1008 2790 aut
1032 2726 1214 2810 argumenti
1239 2735 1302 2789 aut
1323 2727 1416 2790 modi

301 2858 386 2906 usus
413 2840 667 2927 diligentiaeque
687 2843 811 2906 ratione
836 2843 945 2906 habita
966 2843 1087 2908 institui
1112 2849 1247 2926 potest3
1282 2853 1319 2908 at
1346 2867 1414 2910 ve-

302 2980 339 3024 ro
369 2981 415 3024 ex
438 2970 507 3024 toto
535 2961 760 3023 commentarii
785 2969 910 3050 tenore,
936 2964 1025 3027 nulla
1049 2983 1124 3027 cum
1141 2961 1305 3050 gravioris
1335 2983 1414 3025 mo-

302 3080 400 3145 menti
425 3087 460 3140 et
486 3074 527 3138 ad
547 3075 757 3161 intelligenda
781 3080 955 3160 proverbia
980 3080 1167 3144 necessaria
1189 3088 1288 3162 atque
1316 3080 1423 3144 utilia

301 3213 439 3283 prorsus
456 3193 669 3282 neglexisse,
696 3195 758 3258 sed
784 3195 980 3280 magnamin
1004 3197 1176 3262 scribendo
1203 3197 1419 3284 diligentiam

303 3333 379 3376 eum
417 3313 606 3378 adhibuisse
631 3313 766 3396 adparet
807 3322 933 3380 ettam
965 3333 1007 3376 cx
1026 3314 1108 3378 locis
1135 3313 1345 3399 quibusdam,
1388 3315 1424 3376 in

301 3431 418 3516 quibus
453 3431 630 3516 singularis
675 3433 880 3518 singulorum
913 3432 1125 3515 interpretum
1157 3430 1284 3496 dicendi
1327 3432 1420 3496 ratio

300 3545 385 3608 conl.
413 3545 452 3612 C.
480 3547 540 3634 24,
571 3547 653 3612 176.
680 3548 886 3636 observatur,
911 3567 1008 3632 quam
1027 3567 1070 3612 ex
1092 3566 1196 3628 more,
1222 3545 1312 3630 apud
1321 3548 1424 3612 Ara-

298 3663 358 3726 bes
393 3662 524 3746 usitato,
560 3681 634 3726 eum
660 3664 797 3730 aliorum
831 3683 930 3746 opera
955 3665 1154 3730 verbotenus
1191 3665 1425 3748 excerpsisse

300 3777 461 3864 conjicere
488 3777 573 3840 licet.
621 3779 775 3845 Meidanii
800 3782 1029 3872 commentario
1053 3782 1210 3865 triplicem
1234 3783 1429 3872 rationem,

300 3915 396 3959 unam
421 3895 463 3960 ad
489 3896 642 3979 criticam,
669 3898 805 3964 alteram
828 3897 869 3964 ad
894 3897 1049 3986 linguam,
1076 3902 1206 3966 tertiam
1231 3901 1274 3965 ad
1302 3900 1432 3964 bisto-

300 4013 380 4076 riam
419 4023 625 4113 spectantem
656 4035 735 4082 esso
772 4017 933 4090 videmus„
983 4019 1092 4084 Prima
1116 4037 1191 4101 pars
1216 4016 1334 4082 varias
1369 4020 1436 4083 le-

300 4137 425 4205 ctiones
452 4143 583 4228 tractat⁸
606 4136 719 4200 conl.
747 4156 799 4202 ex.
827 4154 878 4221 gr.
909 4135 947 4200 C.
977 4137 1011 4216 8,
1039 4135 1073 4200 7.
1111 4134 1176 4216 21,Ι
1202 4134 1262 4198 tc.
1316 4131 1441 4214 Quod

303 4262 334 4328 in
360 4259 421 4329 bac
448 4258 664 4325 commentarii
690 4261 783 4336 parte
808 4255 969 4322 interdum
999 4254 1157 4338 quasdam
1173 4252 1445 4332 ‘adnotationes
