3022 4940
549 371 866 459 -aee-'

191 582 313 660 Persa,
364 577 415 661 qui
443 586 614 660 antequam
644 578 945 644 Mohammedanum
975 598 1012 644 se
1042 583 1212 648 'confessus

127 669 129 674 ’
154 671 232 743 erat,
255 660 339 724 aliud
360 681 475 725 rrumen
496 663 639 745 gerebat.
682 662 766 742 Ejus
788 671 879 744 pater
900 683 1080 746 cognomen
1098 667 1213 730 Almo·-

24 745 26 752 “
152 744 262 808 lraffah
279 755 456 825 acceperat,
491 745 574 826 quod
596 747 635 808 ab
655 745 881 829 Alinadjdjadje
894 750 1084 812 verberatus
1105 750 1135 814 in
1153 769 1213 834 pe-

154 825 193 890 da
215 828 406 890 incurvatos
427 827 556 912 digitos
568 829 741 910 acciperet.

117 941 415 1006 utu-uosum
442 942 477 1027 e,
507 941 586 1005 175.
615 944 649 1028 e,
679 943 737 1007 55.
767 942 825 1023 aa,
853 941 935 1006 use.
1043 895 1047 904 ’

195 1058 231 1119 In
279 1055 397 1118 ditione
429 1054 535 1118 Cufae
566 1061 662 1117 natus
691 1055 731 1117 ab
761 1073 844 1117 anno
872 1053 931 1121 129
960 1055 990 1118 in
1026 1055 1216 1120 Chorasana

156 1139 410 1202 Ahbbasidarum
456 1139 621 1219 imperium
658 1139 874 1220 praeparavit,
902 1147 937 1202 ut
965 1137 1037 1218 ejus
1066 1141 1214 1204 fundatur

156 1223 304 1304 appeiiari
327 1224 442 1304 possit.
485 1223 579 1284 Anno
602 1221 664 1288 132
677 1221 887 1284 Chorasanae
901 1223 1133 1301 praefecturam
1155 1244 1227 1287 ae-¹

153 1306 246 1389 cepit,
268 1325 351 1369 anno
375 1305 434 1372 137
458 1307 498 1368 ab
520 1304 772 1386 Abu-Djahfaro
803 1305 960 1367 Mannum
983 1308 1112 1372 oceisus
1131 1315 1194 1371 est.

116 1419 405 1484 unu-mosum
435 1419 777 1505 unanimitate,
806 1401 872 1484 aa

194 1532 356 1612 'l'empore
380 1529 605 1611 Moahwijjahi
629 1538 740 1592 eontra
761 1529 891 1592 Airiium
912 1540 989 1593 urat.

115 1643 506 1707 Abu-i’Motsaliem
532 1642 788 1754 Hodsailita
813 1644 948 1725 (poeta)
979 1644 1009 1724 1,
1037 1643 1121 1708 tn·

116 1760 360 1824 Abu-Musa
386 1758 501 1842 (gens)
529 1758 566 1844 5,
596 1757 676 1822 1611.
1146 1765 1149 1770 ’

137 1907 187 1924 -
270 1905 320 1920 -
382 1873 652 1938 Alasehahri
682 1873 739 1958 19,
768 1876 802 1948 6.
831 1874 891 1961 26,
918 1873 952 1938 3.
978 1875 1039 1962 22,
1067 1875 1098 1940 1.

192 1989 283 2052 Unus
331 1986 516 2049 arbitrorum
541 1984 673 2047 duorum
704 1985 760 2060 (ab
790 1984 885 2047 Ahiio
920 1985 1144 2066 constitutus),
1164 1985 1218 2067 qui

154 2068 304 2134 dissidiae
332 2071 413 2133 inter
440 2069 569 2131 Atilium
603 2075 635 2130 tet
666 2067 934 2150 Moahwijjrnhum
972 2077 1046 2150 pnst
1075 2087 1217 2152 pugnarn

153 2153 362 2218 Ziffiuensern
386 2160 622 2234 componerent.
646 2153 731 2214 uerri.
754 2152 860 2216 Abutt.
888 2153 969 2214 Anu.
994 2151 1108 2232 1,317.
1130 2153 1214 2215 Eum

152 2238 183 2301 in
205 2236 434 2320 oppidoCuiae
446 2255 530 2298 anno
553 2233 595 2300 tt
617 2236 737 2298 obiisse
757 2235 874 2299 dieunt.
896 2234 980 2300 cuni.
995 2235 1091 2298 Harir
1106 2255 1135 2318 p.
1145 2233 1238 2301 629·

113 2347 419 2431 Abu-l’Nadjm
444 2350 579 2432 (poeta)
607 2351 667 2434 24,
697 2349 780 2414 473.
847 2371 850 2376 ·

195 2457 396 2520 Carminibus
420 2459 511 2520 metri
534 2455 657 2537 Redjes
679 2458 794 2520 clarus.

115 2571 489 2637 Abu-Nochailah
515 2571 576 2659 21,
603 2573 662 2636 87.

63 2715 66 2722 ‹
195 2681 470 2746 Abu-Nochaiitth
493 2689 544 2744 est
565 2698 691 2761 nomeu,
736 2698 799 2742 non
821 2697 1009 2762 cognomen.
1029 2680 1111 2761 Ejus
1132 2701 1242 2768 nug-¹

152 2791 270 2836 nomen
293 2747 402 2850 »2931
417 2776 480 2858 gt,
515 2771 586 2835 aliis
621 2762 743 2862 [ft-fit
758 2765 813 2855 ,ni
838 2769 942 2833 fuisse
971 2770 1097 2852 dieitur.
1123 2774 1218 2840 Vixit

153 2874 298 2947 tempore
322 2866 510 2929 chaliiarum
533 2860 769 2946 0majjadarum
792 2872 825 2927 et
846 2861 1113 2930 Ahbbasidarum.
1150 2870 1214 2931 nt-

152 2968 340 3014 manzurum
355 2951 521 3034 instigavit
535 2948 735 3023 carminibus,
760 2955 806 3026 ut,
829 2946 905 3011 lhsa
927 2948 1108 3014 ben-Musa
1125 2960 1216 3034 post-

154 3035 276 3118 habito,
299 3035 363 3098 nuo
385 3053 444 3097 uuo
468 3031 638 3096 Aimahdio
668 3033 833 3114 imperium
854 3031 1003 3095 traderet.
1048 3035 1217 3113 Quaeres

152 3118 184 3179 in
213 3134 313 3181 nausa
340 3126 418 3192 erat,
443 3137 496 3180 nur
524 3118 555 3178 in
582 3115 804 3182 Chorasanam
837 3113 966 3197 fugiens
983 3115 1118 3198 jubente
1140 3118 1218 3181 Ihsa

36 3227 57 3247 υ
154 3200 284 3261 annisus
305 3209 365 3262 est.
388 3199 764 3282 citet-Ateguam.

112 3311 404 3376 Abu-Nowas
431 3311 641 3392 (Alhasanb
680 3314 782 3395 Heni)
809 3314 845 3401 3,
874 3315 954 3378 126.
986 3315 1043 3399 12,
1073 3315 1129 3379 12.

205 3422 314 3484 Natus
335 3436 418 3482 anno
442 3417 503 3486 136
526 3429 582 3483 aut
606 3420 665 3486 145
687 3430 740 3484 aut
765 3421 825 3487 148
846 3431 901 3484 aut
924 3420 982 3488 ttu
1004 3423 1081 3484 obiit
1100 3426 1218 3490 aetatis

154 3523 241 3568 anno
266 3504 632 3587 quinquagesimonenn
655 3522 738 3566 anno
755 3505 812 3569 195
836 3513 893 3566 aut
915 3503 976 3570 196
999 3513 1055 3568 aut
1077 3506 1137 3574 197
1160 3517 1216 3572 aut

155 3587 218 3656 198
241 3597 297 3652 aut
321 3585 390 3653 199.

107 3699 462 3784 Abu-Ohjainah
488 3699 782 3764 Almohallehi
813 3703 844 3786 1,
873 3701 957 3765 261.

197 3815 277 3876 Erat
309 3813 394 3876 tilius
415 3811 628 3876 Almnhatlebi
660 3813 689 3876 b.
724 3813 933 3878 Abi-Zotratr
956 3825 1087 3881 naturae
1108 3818 1214 3883 indute

151 3896 815 3998 peetatemporeAhbbasidarnm,Banrae
835 3897 948 3963 incola.
973 3894 1044 3962 cit.
1066 3899 1217 3986 Atagh.

151 4001 228 4046 anr.

105 4094 399 4160 Abu-Ohssah
424 4097 558 4180 (poeta)
586 4096 646 4183 28,
673 4095 755 4162 287.

198 4209 355 4295 Tempore
376 4211 620 4278 Mehammedis.
