3076 4972
608 363 818 434 ,ει-

164 552 324 618 nutihilis
346 549 400 632 27,
426 546 507 628 160,
528 557 561 612 et
582 567 720 631 spurcus
746 550 801 632 21,
831 548 914 628 129,
944 557 1002 614 εει.
1046 551 1167 632 Pacui,
1198 571 1261 634 quo

162 683 222 746 pes
243 663 436 738 obvolvitur,
463 660 542 726 odor
570 659 708 724 foetidus
735 671 788 723 est
815 663 866 740 25,
895 663 963 728 117.
1006 665 1146 728 Subulae
1180 683 1262 728 cou-

163 774 268 836 fossiu
288 771 466 832 vehemens
486 777 537 832 eet
559 768 610 845 13,
635 769 706 858 162,
748 771 847 834 Solea
869 771 940 832 vilis
963 781 1013 834 est
1043 771 1090 850 19,
1114 773 1175 855 59;
1205 792 1265 836 εο-

165 879 235 942 leae
263 877 401 960 corrigia
425 873 499 938 vilis
528 872 562 956 9,
585 874 644 951 68,
678 883 712 937 ει
738 877 914 958 propinqua
943 876 975 959 8,
1007 873 1057 942 63.
1101 879 1265 961 Stragula,

165 1005 248 1068 quae
269 985 355 1046 humi
371 983 532 1062 sternitur,
554 981 629 1043 vilis
652 990 703 1043 est
720 982 750 1056 9,
773 979 824 1046 69.
867 983 1023 1066 Stratum,
1044 984 1076 1045 iu
1098 1002 1266 1066 quoscor·

164 1101 233 1158 tum
254 1090 406 1155 adorandi
426 1091 519 1153 ritum
540 1091 675 1172 peragit,
699 1087 851 1152 odiosum·
865 1099 916 1152 eat
939 1091 970 1174 2,
994 1087 1064 1158 165.
1092 1090 1266 1174 Speculum

169 1202 356 1283 peregrinae
379 1207 431 1260 est
451 1215 566 1280 purum
588 1197 639 1274 25,
667 1193 747 1278 115,
779 1205 812 1260 ει
834 1200 953 1261 clarum
980 1195 1032 1276 26,
1056 1197 1125 1265 109.
1168 1200 1292 1261 Stra--

167 1309 259 1372 minis
281 1306 437 1389 particula
457 1323 555 1386 super
576 1305 677 1369 latere
698 1312 749 1368 est
769 1319 873 1386 pauca
894 1305 947 1389 21,
972 1305 1032 1390 13,
1052 1317 1086 1370 ει
1103 1315 1266 1372 contemta

164 1419 214 1493 27,
240 1415 311 1482 167.
355 1413 515 1496 'tripodes
535 1421 610 1476 suut
631 1414 791 1495 patientes
812 1416 844 1478 in
866 1415 997 1480 ferendo
1017 1417 1094 1500 igne
1121 1416 1170 1500 14,
1194 1417 1264 1482 112.

163 1525 420 1588 'l'iutiunabuhrm
442 1529 493 1586 est
524 1519 697 1604 divulgans
718 1519 770 1598 25,
792 1522 861 1588 112.
886 1521 953 1590 135.
996 1523 1087 1600 Uter,
1109 1525 1161 1606 qui
1181 1543 1266 1586 uon-

125 1689 127 1694 .
163 1637 239 1700 dum
257 1637 378 1718 agitur,
400 1632 475 1696 dum
496 1629 527 1694 iu
549 1651 589 1698 eo
610 1635 661 1696 leo
680 1635 882 1716 coagulatum
903 1644 971 1717 est,
1007 1637 1192 1700 levissimus
1214 1639 1266 1700 iu-

160 1747 246 1828 jurid
266 1746 462 1810 addictorum
483 1744 599 1806 dieitur
626 1741 688 1827 27,
719 1742 789 1811 153.
837 1745 909 1809 Vas
936 1746 1071 1808 vitreum
1099 1743 1268 1826 divulgans

168 1855 292 1932 εει25,
315 1856 384 1920 113.

250 1965 287 2039 d)
312 1965 595 2028 Vestimenta.
636 1963 772 2026 Pallium
805 1961 973 2024 detrahere
1001 1961 1109 2023 celere
1143 1967 1194 2022 est
1219 1961 1268 2042 12,

166 2073 250 2157 142,
271 2076 399 2142 inaures
419 2075 574 2156 pulchrae
593 2082 667 2137 suut
690 2073 723 2156 2,
747 2071 817 2137 175.
836 2069 868 2147 6,
891 2068 971 2144 194,
996 2069 1124 2132 inaures
1146 2067 1270 2132 Mariae

162 2185 325 2265 protiosae
347 2183 399 2260 25,
424 2181 492 2247 149.

251 2319 286 2384 ε)
309 2311 428 2392 Opes.
472 2309 561 2390 Opes
582 2317 655 2370 sunt
678 2307 786 2370 dulces
809 2305 842 2388 6,
863 2305 946 2381 207,
969 2314 1001 2367 et
1023 2306 1182 2387 opulentia.
1196 2316 1270 2386 post

163 2419 306 2500 inopiam
334 2417 455 2480 laetitia
476 2417 584 2480 adlicit
608 2417 655 2493 12,
682 2415 758 2498 15ος
783 2417 963 2496 opulentiae
984 2423 1089 2476 autem
1113 2413 1269 2477 linissoc-

163 2529 227 2592 dus
248 2528 384 2610 vestigio
404 2537 455 2590 εει
491 2527 543 2607 21,
577 2523 644 2589 142.
695 2522 883 2585 'l'lresaurus
910 2522 1053 2584 Aluatlrh
1080 2530 1192 2606 gratus
1219 2531 1270 2582 est

164 2633 314 2720 tutto.
361 2635 521 2697 Draohma
542 2633 703 2715 negotium
725 2633 807 2692 bene
828 2631 954 2713 perlicit
976 2629 1011 2694 21
1018 2675 1029 2712 ,
1053 2629 1133 2710 124,
1158 2639 1192 2692 ει
1208 2649 1270 2710 pe-

157 2751 271 2806 netret
292 2739 344 2818 24,
365 2741 437 2808 433.
459 2738 594 2815 25142.

252 2869 284 2948 1)
306 2867 438 2931 Morbi
460 2873 501 2928 et
521 2863 709 2928 remedia
737 2847 852 2927 Febris
874 2859 1029 2924 adhaeret
1052 2859 1080 2937 1,
1102 2856 1269 2940 421423,

165 2989 199 3042 ot
222 2977 386 3041 familiaris
409 2981 439 3060 1,
462 2973 547 3053 424,
592 2985 687 3058 atque
715 2975 866 3037 insistens
888 2973 939 3048 23,
960 2970 1043 3053 495,
1066 2977 1127 3035 est.
1156 2969 1271 3031 Febris

78 3157 85 3170 ,
164 3097 323 3172 quartana
343 3085 473 3149 firmiter
494 3085 648 3148 adhaeret
670 3083 723 3164 23,
747 3081 819 3166 490.
862 3081 1000 3145 Scabies
1021 3086 1071 3142 εει
1084 3078 1271 3158 contagiosa

169 3197 220 3274 18,
240 3193 312 3261 228.
353 3193 453 3259 Ulcus
476 3201 551 3274 post
571 3193 663 3255 ulcus
683 3197 734 3253 est
756 3188 867 3254 dolens
889 3185 1031 3266 tt,t3t.‚
1056 3187 1183 3270 pustula
1200 3184 1273 3244 alba

168 3314 224 3366 est
246 3301 347 3364 calida
368 3297 398 3366 6.
423 3299 502 3380 191,
529 3319 675 3362 necnon
703 3298 831 3381 pustula
869 3297 1010 3358 cauterio
1042 3303 1111 3356 orta
1143 3289 1272 3374 6,192.

169 3407 363 3474 Remedium
385 3416 500 3488 peetus
524 3415 692 3488 aegrotum
721 3403 849 3465 habenti
874 3400 1049 3482 jucundum
1078 3397 1194 3460 (licitur
1216 3397 1270 3478 23,

166 3518 240 3586 507.
284 3515 448 3582 Medicina
463 3513 594 3575 diablub
618 3513 743 3594 ingrate
765 3518 816 3572 est
837 3507 867 3586 4,
887 3507 952 3590 45,
972 3508 1119 3568 theriaca¹
1137 3523 1210 3567 raro
1226 3505 1270 3578 18,
1387 3515 1393 3527 ·

155 3627 241 3723 271.
285 3625 418 3688 Sanitas
436 3631 509 3704 post
532 3621 676 3682 morbum
705 3617 825 3680 laetitia
845 3615 953 3678 adlicit
976 3615 1027 3698 12,
1056 3613 1123 3678 150.

254 3753 292 3830 g)
313 3747 515 3828 Lapides,
548 3747 730 3809 metalla.
773 3744 874 3826 lrapis
906 3743 1006 3806 durus
1030 3751 1082 3804 est
1110 3742 1159 3820 13,
1192 3738 1275 3824 162,

168 3857 297 3939 patiens
322 3854 371 3932 14,
396 3855 479 3938 112,
499 3855 530 3917 in
552 3871 655 3936 aquae
675 3851 773 3915 fundo
794 3853 948 3915 resistens
970 3847 1120 3934 10‚189.,
1143 3849 1277 3912 densio-

169 3985 239 4031 rem
260 3967 404 4028 umbram
425 3963 549 4025 iaciens
572 3962 621 4036 17,
645 3961 697 4029 32.
740 3963 863 4048 Aurum
891 3961 1004 4025 durum
1034 3968 1085 4022 est
1114 3959 1163 4045 14,
1194 3959 1274 4037 107,

170 4079 205 4134 et
226 4091 327 4155 grave
349 4071 379 4150 4,
400 4071 450 4139 34.
477 4069 621 4178 10,,138.
664 4071 845 4154 Argentum
867 4071 977 4134 vivum
998 4087 1102 4152 grave
1121 4074 1173 4131 est
1187 4067 1277 4150 4,31.

255 4196 294 4268 h)
338 4196 623 4259 Excrementa.
666 4195 882 4256 Excrementa
913 4191 1009 4256 locda
1040 4191 1181 4274 vestigio
1203 4200 1280 4253 suut
