3022 4940
561 1035 720 1112 „temtus
746 1031 822 1076 esso
851 1010 965 1074 dicitur
993 1011 1048 1086 27,
1070 1008 1121 1074 31.
1150 1015 1185 1070 et
1214 1025 1334 1071 caecos
1366 1027 1437 1070 nos

444 1091 583 1220 'afim
620 1130 648 1201 6,
669 1124 718 1190 22.
739 1121 789 1186 25.
832 1121 906 1182 Non
929 1119 1043 1182 emitur
1063 1115 1096 1198 6,
1117 1114 1188 1180 252.
1210 1124 1242 1178 et
1265 1135 1326 1176 non
1349 1135 1439 1196 per-

372 1195 460 1308 ’Ῠδῖμ
473 1181 503 1326 :J
520 1247 662 1320 ,rigamus
684 1229 713 1308 1,
734 1227 813 1306 481,
835 1227 896 1289 scd
920 1227 949 1286 in
972 1243 1031 1286 nos
1053 1224 1139 1286 cadit
1160 1221 1211 1296 26,
1236 1223 1283 1288 11.
1306 1225 1436 1286 ⁴lmmo

363 1293 450 1445 '2:¹⁰¹'
461 1369 506 1425 ,st
525 1349 571 1422 ot,
593 1339 663 1404 552.
687 1348 781 1400 etex
803 1338 949 1400 absentia
972 1338 1070 1399 oritur
1104 1335 1156 1416 27,
1181 1333 1250 1398 127.
1281 1343 1314 1395 et
1336 1335 1437 1397 vitu-

356 1415 546 1535 monetam
567 1440 617 1520 24,
639 1444 712 1511 556.
754 1448 790 1506 ln
813 1463 921 1508 amoro
942 1463 1000 1524 per
1021 1443 1270 1506 intercedentem
1293 1451 1364 1504 orto
1385 1444 1434 1505 nil

344 1503 469 1658 mest
488 1553 539 1635 23,
561 1549 633 1618 592.
677 1553 778 1614 Amor
801 1561 965 1634 parentum
987 1559 1038 1612 est
1059 1550 1277 1632 propinquitas
1292 1551 1434 1614 liliorum

339 1685 381 1760 pp,
400 1667 466 1736 570.
511 1659 647 1723 Sincere
675 1679 787 1723 amans
816 1679 853 1722 se
880 1661 986 1741 ipsum
1014 1677 1070 1739 pro
1102 1658 1203 1719 altero
1232 1657 1337 1738 perdit
1373 1659 1433 1744 24,

335 1781 405 1854 3753
424 1771 583 1830 sincerum
606 1769 703 1852 igitur
724 1787 864 1830 amorem
887 1768 985 1829 frater
1006 1765 1076 1828 vult
1112 1765 1140 1840 1,
1162 1763 1251 1844 355.;
1294 1779 1433 1846 praesta
1455 1829 1459 1836 ,

332 1885 423 1970 igitur
444 1875 606 1939 sincerum
629 1894 770 1937 amorem
791 1873 822 1949 7,
842 1871 893 1937 89.
937 1875 972 1933 ln
992 1891 1101 1934 amore
1124 1874 1177 1953 qui
1198 1873 1329 1935 multum
1354 1893 1434 1938 mu-

328 1986 428 2054 tabilis
450 1993 511 2060 est,
536 1982 652 2064 dignus
674 1981 820 2061 habetur,
843 1981 897 2061 qui
918 1980 1118 2060 vituperetur
1140 1979 1188 2057 13,
1207 1980 1274 2045 tot.
1296 1985 1333 2042 lu
1347 2001 1432 2046 serre

319 2093 469 2180 juvenilis
490 2111 580 2156 amor
601 2092 806 2172 vituperatur
827 2089 880 2169 12,
903 2087 953 2154 79.
980 2087 1027 2169 14,
1049 2089 1078 2149 2.
1107 2089 1243 2151 benitas
1264 2091 1295 2150 in
1315 2108 1431 2154 amore

321 2199 570 2276 commendatur,
578 2220 619 2262 ne
632 2201 757 2261 omnirto
769 2215 828 2259 nos
840 2204 977 2277 occupet
999 2197 1050 2279 23,
1072 2195 1143 2262 308.
1164 2198 1321 2259 Homines
1344 2199 1432 2262 inter

192 2344 201 2359 ·
322 2329 359 2374 sc
378 2329 518 2374 amorem
540 2308 775 2388 amicitiamque
798 2303 919 2368 colant!
944 2301 992 2380 15,
1003 2302 1053 2368 33.
1077 2304 1174 2387 Sunt,
1195 2307 1430 2388 qniamicitiam
1485 2297 1489 2306 ⁸

321 2418 509 2498 ostendant3
530 2415 589 2480 sed
613 2417 718 2478 animo
741 2415 817 2477 iram
841 2413 1013 2497 odiumque
1034 2416 1195 2476 occultant
1214 2413 1247 2494 6,
1265 2414 1315 2478 27.
1339 2419 1429 2480 coni.

326 2529 375 2610 12,
401 2527 469 2592 102.
512 2524 565 2608 24,
588 2523 668 2600 358,
700 2525 751 2605 qui
779 2525 938 2585 sinceram
968 2522 1135 2585 amicitiam
1165 2522 1327 2604 simulent,
1366 2527 1429 2588 sed

320 2653 439 2697 noxam
460 2633 577 2698 inferre
600 2634 746 2717 cogitant
770 2629 797 2714 1,
821 2631 889 2698 198.
912 2632 944 2715 5,
977 2630 1036 2714 16.,
1066 2619 1139 2693 nam
1168 2649 1266 2713 saepe
1299 2635 1429 2697 amicus

318 2742 358 2804 ob
383 2742 595 2826 ignorantiam
624 2750 755 2823 paratur
790 2759 853 2802 non
896 2738 936 2801 ob
968 2739 1083 2802 bonam
1125 2739 1331 2802 intentionem
1375 2743 1429 2819 10,

277 2849 281 2856 ’
319 2849 392 2916 218.
436 2851 569 2912 Amicus
592 2857 703 2910 noster
727 2854 871 2918 nonest,
895 2829 989 2926 quom
1010 2844 1168 2908 studioac
1178 2849 1327 2910 molestia
1341 2867 1429 2912 con-

315 2966 442 3022 tentum
464 2956 598 3019 reddere
621 2955 775 3018 debemus
798 2953 827 3029 1,
849 2953 899 3018 70.
922 2955 1006 3016 conf.
1027 2953 1056 3028 7,
1081 2955 1151 3022 173.
1159 2972 1169 3035 5
1194 2956 1254 3018 sed
1277 2958 1329 3039 qui
1357 2977 1427 3020 ve-

318 3088 376 3133 rax
400 3076 433 3131 et
453 3066 599 3127 sincerus
621 3061 652 3121 in
674 3077 734 3122 nos
755 3068 806 3121 est
828 3065 856 3136 t,
878 3057 931 3124 68.
953 3069 987 3122 ot
1016 3062 1164 3126 solatium
1198 3064 1292 3128 nobis
1316 3063 1429 3130 adfert

319 3178 348 3249 1,
373 3173 445 3240 362.
488 3170 621 3232 Amicus
643 3176 706 3251 est,
730 3168 781 3250 qui
804 3169 835 3229 in
857 3167 1025 3232 infortunio
1041 3179 1073 3231 te
1088 3171 1283 3235 nondeserit
1306 3171 1426 3254 1,245.

316 3288 349 3341 et
370 3287 403 3340 te
424 3278 495 3340 aliis
517 3275 659 3358 praefert
680 3275 710 3361 1,
736 3273 803 3341 167.
847 3274 991 3358 [regatus
1012 3271 1133 3360 pravus
1155 3279 1327 3342 amicitiam
1344 3298 1427 3343 cor-

314 3385 432 3468 rumpit
464 3385 513 3466 12,
548 3383 618 3453 164.
662 3385 755 3448 Duos
787 3381 910 3448 amicos
937 3383 1065 3447 intimos
1095 3404 1136 3447 ne
1166 3379 1314 3467 separes!
1361 3389 1424 3474 23,

314 3490 385 3556 369.
407 3493 478 3561 631.

668 3813 672 3820 -
719 3755 836 3844 one.
872 3754 1005 3842 XtV.

509 3963 569 4019 lle
586 3962 662 4030 ira,
680 3963 787 4033 odio,
805 3964 1041 4034 tmtmtctttn,
1058 3965 1227 4024 invidia.

394 4138 447 4197 lra
468 4142 618 4215 tanquam
639 4135 761 4197 inutilis
783 4143 816 4197 et
837 4138 935 4200 noxia
956 4136 1145 4201 descnlritur
1174 4137 1228 4222 24,
1249 4137 1319 4220 29.;
1352 4141 1424 4203 mi·-

311 4241 440 4326 tiganda
460 4243 557 4328 igitur
579 4249 632 4306 cst
652 4240 705 4322 27,
731 4241 819 4322 1125
866 4243 968 4330 efficit
996 4245 1090 4326 enim,
1121 4255 1157 4308 ut
1186 4249 1329 4312 conteuti
1349 4265 1423 4312 non
