3126 4958
630 395 817 456 -5.·.

148 610 152 618 ¹
182 587 324 648 tudinem
341 583 501 668 venerint,
519 582 550 644 id
574 599 678 662 neque
705 604 724 643 e
750 582 857 667 modo,
871 602 933 662 quo
962 584 1088 664 prolata
1112 585 1189 669 sint,
1217 605 1278 647 ue·-

183 723 246 784 que
271 723 290 764 e
315 719 429 785 sensu,
467 719 557 780 quem
589 699 739 785 offerant,
776 701 928 783 cognosci
956 719 1066 786 posse,
1093 721 1186 762 nemo
1215 722 1281 765 non

183 821 284 881 videt.
336 817 439 902 Uene,
464 817 496 878 in
521 835 616 896 quem
642 816 728 897 apud
765 825 896 900 gentem
921 818 1082 904 venerint,
1109 820 1221 884 unicus
1248 831 1282 884 et

184 954 285 997 verus
325 933 483 1017 magister
509 932 601 994 nobis
626 940 689 994 est.
756 931 837 1009 Quis
858 943 968 996 autem
993 940 1053 1018 est,
1080 935 1133 1015 qui
1157 937 1283 1000 Arabes

185 1053 297 1116 doctos
324 1053 355 1112 in
381 1051 567 1136 colligendis
594 1051 776 1132 proverbiis
811 1051 934 1112 illarum
969 1071 1077 1114 rerum
1102 1062 1283 1118 accuratam

187 1187 313 1249 semper
339 1167 491 1228 rationem
516 1167 683 1252 babuisse,
710 1185 767 1247 pro
787 1173 873 1230 certo
897 1162 1061 1230 assumet?
1088 1167 1151 1246 Qui
1169 1168 1283 1232 doctos

187 1285 314 1347 Arabes
331 1283 430 1344 errori
440 1280 595 1343 interdum
610 1281 767 1342 obnoxios
778 1281 883 1343 fuisse
897 1281 995 1360 dicit,
1010 1290 1045 1343 ut
1062 1283 1093 1343 in
1108 1282 1195 1344 libris
1213 1284 1284 1346 suis

186 1402 366 1463 sententias
393 1398 635 1480 proverbiorum
661 1398 732 1460 loco
759 1398 978 1482 admitterent,
1005 1397 1033 1458 is
1060 1398 1179 1461 miliia
1204 1418 1283 1461 vcro

186 1537 248 1578 nou
272 1534 408 1598 prorsus
435 1515 586 1574 aberrare
612 1514 752 1574 videtur.
814 1515 914 1576 Vocis
941 1523 1050 1576 autem
1075 1515 1138 1591 di*
1166 1516 1198 1576 in
1223 1517 1285 1578 lin-

173 1653 255 1716 gua
280 1630 422 1691 Arabica
447 1626 642 1708 significatio
669 1647 764 1705 quum
790 1630 886 1690 latius
913 1638 1032 1715 pateat,
1057 1632 1088 1690 in
1115 1632 1286 1712 provcrbi-

188 1749 258 1809 ales
284 1741 464 1805 locutiones
491 1748 587 1818 atque
603 1743 792 1820 sententias,
817 1761 966 1802 necnon
991 1745 1022 1802 iu
1038 1745 1162 1806 labrrlas
1189 1767 1287 1826 para-

190 1863 346 1938 bolasque
379 1856 581 1918 transfertur.
631 1857 667 1916 lu
703 1875 853 1918 sermone
887 1858 1107 1939 philosophiae
1140 1862 1286 1926 teclrnieo

190 1980 347 2044 vocabulo
373 1977 436 2056 μ’
457 1976 579 2037 ideae
603 1973 795 2058 significatio
822 1977 981 2038 tribuitur.
1021 1977 1079 2039 Sic
1103 1978 1287 2044 dissertatio

189 2101 238 2163 de
263 2097 359 2158 idea
385 2094 608 2156 Platonica
634 2092 742 2154 verbis
774 2083 947 2178 &ambibit
985 2094 1049 2173 ,tta
1073 2091 1101 2172 3
1125 2089 1210 2188 albi,
1237 2098 1288 2159 511.

188 2216 311 2296 scripta
335 2221 398 2275 est.
672 2223 676 2234 “

266 2331 406 2392 Arabum
437 2329 608 2410 proverbia
633 2329 665 2390 iu
692 2337 760 2390 tres
787 2336 899 2408 partes
925 2328 997 2390 milri
1025 2327 1170 2390 dividere
1198 2330 1287 2416 licet,

190 2465 325 2529 (puerum
350 2464 413 2506 una
438 2444 610 2523 proverbia
636 2444 869 2525 complectitur,
897 2443 1011 2523 quibus
1027 2445 1154 2506 Arabes
1181 2465 1289 2528 geuu-

194 2563 235 2626 ini
269 2561 423 2652 originem
458 2561 627 2624 dederuut.
666 2561 796 2622 Arabes
833 2560 964 2648 germini
1003 2568 1079 2624 sunt
1114 2571 1233 2646 gentes
1259 2564 1291 2624 in

191 2678 330 2742 desertis
356 2677 459 2738 vitam
485 2675 656 2737 nomadum
691 2675 866 2760 degenteS,
893 2695 1024 2756 quarum
1049 2676 1170 2762 lingua,
1196 2679 1291 2760 quip-

194 2814 334 2878 pecnm
360 2793 432 2855 aliis
459 2812 537 2854 sese
563 2811 627 2854 non
653 2792 839 2876 miscerent,
878 2792 1046 2873 pristinam
1071 2813 1184 2874 puram
1210 2815 1292 2858 con-

194 2910 343 2974 ditionem
369 2908 589 2992 conservavit,
616 2916 650 2970 ut
676 2907 875 2992 grammatici
900 2928 1012 2972 eorum
1038 2910 1138 2972 effata
1164 2911 1293 2994 linguae

193 3044 334 3088 normam
360 3023 539 3086 habendam
568 3042 646 3085 esse
672 3031 851 3086 censerent.
890 3024 985 3086 Urbis
1002 3027 1136 3087 bleccae
1171 3028 1294 3090 incolae

195 3141 358 3203 Arabibus
399 3139 549 3223 genuinis
579 3137 805 3201 adnumerandi
832 3138 1001 3219 videntur3
1033 3159 1108 3202 num
1143 3140 1294 3201 Medinae

196 3275 341 3319 omnes
382 3256 518 3340 incolae,
557 3275 689 3336 quorum
718 3255 830 3339 lingua
856 3254 995 3317 dialecto
1021 3278 1041 3319 a
1066 3255 1294 3318 Koraisclrita-

197 3392 269 3434 rum
306 3371 458 3432 idiomate
496 3369 708 3452 discreparet,
734 3373 766 3432 in
792 3390 904 3432 corum
932 3392 1063 3434 numero
1090 3373 1295 3456 haberentur,

196 3493 371 3570 procerte
401 3481 561 3549 affirmare
594 3507 657 3548 nou
700 3506 802 3548 ausus
849 3487 921 3549 sim.
963 3488 1142 3549 Proverbia
1179 3486 1297 3551 illaad

196 3627 294 3668 uuum
319 3605 426 3668 omnia
451 3625 487 3666 re
513 3624 594 3668 vera
619 3612 653 3668 et
679 3604 808 3686 proprie
833 3606 882 3668 sie
909 3604 994 3667 dicta
1020 3605 1209 3685 proruerbia
1234 3624 1296 3685 pu-

197 3721 296 3784 tanda
335 3730 422 3784 sunt.
447 3722 562 3784 Altera
588 3728 679 3802 parte
705 3721 879 3803 proverbia
905 3723 1050 3785 Arabum
1089 3741 1152 3782 non
1178 3723 1296 3804 genui-

196 3857 323 3922 norum,
357 3837 497 3900 Arabica
537 3837 647 3921 lingua
671 3831 805 3928 Uatis
819 3829 848 3918 ¹)
899 3838 1053 3900 dictorum
1085 3838 1296 3900 continentur.

200 3954 293 4033 Quae
319 3956 359 4016 ab
386 3954 448 4016 illis
474 3973 538 4016 uon
564 3953 712 4040 genuinis
737 3955 898 4018 Arabibus
932 3965 1004 4018 orta
1029 3955 1202 4039 proverbia
1227 3973 1296 4017 eam

195 4135 459 4153 m

245 4218 328 4289 l)1n
351 4222 448 4272 narrrn
472 4234 555 4285 opere
579 4235 641 4285 pag.
664 4224 720 4270 aaa
743 4235 796 4272 vox
829 4205 913 4294 aalys
951 4222 1061 4274 vocibus
1088 4205 1176 4292 003
1215 4230 1300 4302 &5⁸

301 4319 404 4382 (Arabs
421 4333 514 4386 purus,
533 4319 680 4386 gonuinus)
700 4322 821 4385 opposita
840 4325 888 4370 est.
