3126 4958
754 340 964 404 ...10-

318 553 339 596 a
374 528 518 610 cernetis,
553 529 720 594 derivatus
758 537 834 614 est3
875 526 1024 592 animalia
1058 529 1098 592 iis
1137 527 1242 594 minus
1274 539 1361 610 nota,
1389 540 1435 598 ut
1482 541 1488 549 '

317 649 464 735 elephas,
490 648 576 716 coni.
606 649 637 731 1,
663 646 745 712 413.
778 647 834 734 13,
867 646 947 711 146.
983 663 1156 726 paucomm
1195 654 1319 712 tantum
1342 665 1435 730 pro-

317 769 501 834 verbiorum
536 783 650 830 ansam
676 764 843 828 dederunt.
883 765 920 826 ln
958 762 1141 845 proverbiis
1179 772 1288 830 autem
1328 782 1437 846 quum

317 886 499 950 animalium
527 882 652 947 indoles
694 883 729 968 7,
771 883 852 950 111.
895 889 960 948 tum
988 882 1192 948 conditiones
1220 883 1280 964 23,
1307 883 1367 948 68.
1396 890 1438 948 et

313 1001 565 1068 consuetudines
590 999 626 1087 3,
655 1001 686 1064 1.
713 1009 814 1082 saepe
841 999 1026 1082 descriptae
1053 1009 1141 1066 sunt.

392 1115 461 1182 Sed
485 1125 523 1180 ut
547 1114 588 1182 ad
604 1113 747 1182 homines
768 1114 1026 1203 progrediamur,
1053 1117 1224 1182 dicendum
1250 1124 1312 1204 est,
1334 1118 1441 1200 plura

320 1233 495 1316 proverbia
520 1253 540 1297 a
566 1233 717 1318 gentibus
736 1231 887 1298 desumto
913 1250 1003 1317 esse,
1028 1251 1112 1313 quae
1140 1241 1195 1299 aut
1216 1232 1331 1300 cadero
1359 1235 1439 1298 ori-

319 1349 408 1436 gine,
435 1369 498 1432 qua
532 1350 661 1413 Arabes
689 1348 881 1433 gauderent,
918 1355 955 1412 ut
980 1347 1019 1414 C.
1047 1350 1081 1429 2,
1108 1349 1168 1415 30.
1195 1351 1253 1416 33.
1307 1352 1343 1436 9,
1370 1353 1439 1419 46.

320 1465 368 1530 63
396 1475 452 1528 aut
478 1467 641 1531 Arabibus
674 1473 806 1549 propter
831 1464 908 1533 belli
945 1472 1002 1530 aut
1041 1467 1132 1550 pacis
1171 1483 1292 1533 nexum
1330 1478 1438 1534 notae

318 1590 427 1648 essem
454 1583 537 1649 coni.
565 1586 600 1671 9,
628 1584 662 1646 4.
715 1583 773 1664 22,
804 1583 888 1664 211,
915 1581 1001 1650 240.

391 1699 557 1765 Personae
616 1709 726 1786 autern
737 1743 750 1786 ,
797 1687 900 1781 quae'
929 1702 961 1766 in
1012 1701 1194 1784 proverbiis
1245 1702 1435 1784 appellatae

317 1825 406 1895 sunt,
444 1817 485 1878 ad
527 1836 622 1880 unam
660 1835 762 1896 paene
798 1833 910 1880 omnes
936 1815 980 1878 ad
1005 1819 1150 1884 Arebum
1176 1825 1295 1898 gentes
1323 1820 1436 1895 perti-

318 1939 404 1996 nent.
453 1932 632 1994 Proverbia
664 1939 772 1994 autern
811 1947 908 2006 quum
949 1929 1083 1990 vivendi
1120 1930 1275 1992 rationem
1302 1927 1340 1989 C.
1373 1932 1436 2008 10,

320 2042 400 2107 110.
456 2041 513 2119 23,
541 2042 625 2104 382.
654 2038 739 2124 3112,
782 2059 889 2104 mores
917 2059 1062 2120 ususque
1089 2042 1127 2103 C.
1159 2039 1190 2118 1,
1226 2040 1308 2104 257.
1346 2041 1436 2106 417.

319 2158 403 2221 419.
457 2156 492 2240 2,
530 2157 563 2220 9.
606 2156 685 2220 115.
723 2154 804 2222 138.
857 2157 896 2241 6,
935 2155 1016 2224 193.
1070 2157 1104 2242 7,
1132 2157 1165 2220 2.
1218 2157 1254 2240 3,
1286 2157 1343 2220 48.
1372 2160 1434 2224 56.

323 2271 387 2358 13,
415 2271 445 2336 1.
474 2274 533 2335 75.
589 2273 657 2359 15,
698 2273 728 2338 1.
784 2273 848 2358 18,
891 2271 971 2341 103.
1024 2271 1093 2358 21,
1129 2274 1186 2340 65.
1239 2273 1306 2359 23,
1346 2275 1431 2343 114.

319 2391 379 2476 28,
406 2381 465 2476 20,
510 2388 670 2474 cogitandi
709 2388 864 2461 rationem
906 2389 941 2475 2,
985 2389 1066 2454 168.
1120 2390 1155 2477 5,
1193 2391 1252 2452 44.
1306 2392 1340 2477 6,
1369 2394 1431 2456 tn.

318 2507 356 2591 8,
383 2503 441 2568 53.
497 2503 555 2590 13,
586 2505 667 2568 126.
695 2522 761 2584 sqq.
805 2505 862 2592 16,
890 2505 922 2569 2.
976 2505 1037 2591 24,
1064 2501 1147 2577 409.
1200 2508 1261 2593 28,
1289 2509 1336 2571 94
1365 2508 1430 2571 de-

317 2621 456 2686 scribant
468 2664 481 2707 ,
534 2627 781 2686 acaeterarum
825 2623 970 2706 gentium
1010 2623 1189 2705 proverbiis
1215 2624 1353 2688 multum
1380 2625 1434 2686 di-

319 2738 436 2804 stincta
460 2739 531 2819 sint,
558 2757 695 2804 necesse
722 2748 784 2806 est.
1007 2811 1013 2828 ⁸

335 2889 338 2894 ·
393 2857 470 2920 Non
496 2875 602 2937 panea
627 2876 752 2940 qnoque
777 2857 954 2940 proverbia
980 2875 1032 2942 eo,
1074 2854 1260 2937 quodcum
1285 2858 1434 2922 Arabum

319 2970 396 3037 fatis
431 2968 608 3052 'rebusque
644 2974 749 3056 gestis
787 2983 843 3036 ant
869 2974 991 3056 antiqui
1026 2979 1082 3037 aut
1108 2975 1249 3042 recentia
1274 2977 1432 3056 temporis

183 3155 187 3162 ,
318 3087 425 3152 conf.
456 3086 488 3172 1,
519 3087 551 3148 6.
583 3086 639 3150 16.
666 3088 726 3150 57.
756 3087 836 3162 tto.
891 3089 925 3176 2,
953 3090 987 3154 4.
1016 3089 1074 3152 21.
1128 3091 1163 3176 5,
1191 3090 1249 3156 72.
1303 3085 1478 3176 6,’74.,

196 3240 201 3250 -
293 3205 356 3289 ’7,
386 3204 418 3266 1.
473 3202 533 3288 21,
564 3200 580 3262 1
611 3201 798 3290 cohaerent,
826 3205 1079 3290 distinguuntur.

394 3314 502 3378 Multa
528 3335 654 3396 qnoque
680 3320 854 3400 proverbia
879 3341 899 3384 a
925 3321 1035 3406 rebus,
1062 3321 1267 3408 utensilibus,
1306 3322 1431 3388 instru-

317 3434 434 3500 mentis
469 3433 617 3496 derivata
651 3443 728 3498 esse
766 3434 930 3500 videmus.
984 3437 1078 3516 Quae
1118 3457 1173 3500 res
1212 3437 1242 3500 si
1265 3439 1430 3502 Arabibus

319 3569 382 3616 usu
407 3549 557 3633 propriae
583 3556 671 3634 sunt,
713 3549 760 3638 fit,
798 3559 835 3616 ut
861 3554 1035 3634 proverbia
1060 3555 1206 3618 Arabum
1232 3556 1323 3637 quasi
1349 3576 1429 3637 pro-

318 3669 423 3756 prium
449 3665 593 3729 colorem
619 3665 791 3748 accipiant.
843 3667 983 3752 Sagittis
1009 3669 1121 3751 plures
1147 3677 1264 3754 gentes
1289 3671 1429 3734 uteban-

318 3794 384 3871 tur,
422 3781 540 3848 sedin
565 3789 655 3844 sorte
682 3781 830 3848 ducenda
853 3785 980 3848 nonnisi
1005 3786 1169 3848 Arabibus
1213 3785 1431 3850 inserviebant

303 3902 400 3997 ⁴serani.
429 3900 467 3963 C.
496 3900 532 3984 6,
559 3898 592 3962 3.
647 3899 791 3965 Arabum
814 3903 908 3983 pueri
945 3902 979 3965 in
1017 3901 1093 3966 ludo
1131 3912 1166 3967 et
1198 3905 1429 3970 exercitatione

318 4019 459 4102 sagittas
493 4018 612 4080 breves
647 4025 682 4082 et
718 4019 848 4100 cuspide
876 4030 1028 4084 carentes
1054 4021 1248 4086 adhibebant
1275 4021 1309 4106 1,
1346 4015 1424 4084 287.

319 4135 354 4222 7,
384 4136 466 4199 112.
516 4135 671 4217 Proprius
714 4157 840 4220 quoquc
866 4139 1011 4204 Arabum
1050 4156 1126 4206 usus
1168 4138 1273 4202 fuisse
1299 4137 1425 4202 videtur

314 4257 347 4320 in
371 4258 453 4348 palis
482 4259 609 4322 tentorii
635 4259 670 4338 3,
699 4259 731 4322 1.
756 4257 889 4344 igniario
919 4259 976 4344 14,
1003 4260 1061 4324 21.
1115 4257 1175 4343 23,
1202 4255 1288 4341 230,
1314 4254 1424 4340 lapidi-
