3126 4958
641 338 826 411 ..7-

168 564 192 606 a
243 543 383 606 caeteris
419 541 572 628 gentibus
612 548 798 622 separatam
836 541 939 605 vitam
979 541 1155 628 degerent,
1207 551 1272 603 tam

169 661 314 724 moribus
339 678 434 740 quarn
460 659 625 745 cogitandi
650 659 774 722 ratione
801 661 840 722 ab
867 661 938 726 aliis
965 660 1188 741 discreparent
1212 678 1272 722 ne·-

171 794 269 840 cesse
300 783 382 862 erat,
408 792 490 856 qnae
516 773 690 840 diversitas
717 776 752 838 in¹
774 796 886 840 eorum
910 775 1092 857 proverbiis
1106 793 1171 837 non
1197 782 1273 856 pot·

167 900 313 956 estnon
351 891 518 976 cognosci.
589 891 757 970 Quatenus
801 901 909 955 autem
947 892 1090 954 Arabum
1123 890 1274 953 diversae

167 1017 291 1094 gentes
317 1016 445 1095 natura,
483 1009 550 1072 situ
584 1009 730 1088 coelique
758 1009 915 1089 temperie
954 1008 1087 1072 multum
1125 1007 1275 1070 diversas

175 1127 329 1212 regiones
354 1126 541 1190 habitabant
567 1136 601 1190 et
625 1127 709 1190 hano
736 1130 776 1191 ob
809 1148 943 1191 cansam
969 1126 1109 1190 diversis
1135 1128 1275 1188 moribus

171 1242 369 1323 vivendique
396 1245 511 1308 rationi
538 1244 637 1308 dediti
663 1253 768 1330 erant,
807 1245 1050 1326 proverbiorum
1078 1246 1109 1305 in
1135 1243 1276 1305 diversis

168 1337 316 1426 Arabum
354 1362 507 1447 gentibus
544 1371 689 1426 ortorum
724 1361 899 1436 diversitas
939 1360 1171 1446 cognoscenda
1205 1358 1276 1426 erit.

171 1477 279 1560 Cujus
307 1481 354 1542 rei
373 1480 504 1566 singula
528 1479 674 1561 vestigia
700 1479 830 1542 cuilibet
854 1479 1028 1564 diligenter
1055 1478 1178 1564 legenti
1204 1486 1278 1538 ante

170 1595 289 1656 oculos
306 1602 407 1658 crunt.
447 1594 636 1678 Proverbia,
657 1602 692 1656 ut
710 1596 820 1674 paucis
846 1578 1002 1677 exemplis
1024 1616 1092 1656 rem
1110 1596 1278 1672 illustrem,

175 1710 208 1770 ln
248 1708 363 1791 quibus
396 1709 573 1789 palmarum
603 1708 722 1770 mentio
756 1709 846 1769 lacta
877 1717 947 1792 est,
984 1709 1111 1768 nonnisi
1149 1711 1181 1771 in
1216 1709 1279 1770 illis

177 1823 367 1908 regionibus
405 1831 477 1884 orta
501 1822 641 1904 putanda
664 1830 752 1905 sunt,
785 1821 816 1883 in
841 1821 952 1902 quibus
978 1822 1104 1903 palmae
1129 1822 1281 1901 frequen-

173 1946 367 2000 lacessent
407 1939 492 2000 conf.
521 1937 560 2000 c.
588 1935 622 2021 a,
655 1937 735 1998 124.
763 1936 798 2020 n,
829 1936 908 1999 102.
938 1937 995 2022 14,
1032 1919 1090 1998 sl.
1156 1938 1223 2016 riva,
1249 1938 1280 1997 n

173 2056 289 2136 quibus
317 2055 357 2118 de
383 2056 569 2119 animalibus
595 2053 727 2118 marinis
754 2054 894 2134 marique
919 2072 1027 2114 sermo
1054 2061 1119 2139 est,
1145 2055 1184 2115 ab
1193 2053 1281 2114 Ara-

177 2173 283 2258 bibus,
309 2173 423 2254 quibus
449 2193 539 2236 mare
565 2172 699 2254 ejusque
726 2171 874 2234 animalia
902 2180 981 2233 nota
1005 2179 1129 2256 essent,
1156 2171 1283 2252 prolata

175 2308 349 2374 csse,non
380 2300 433 2354 est
460 2309 518 2356 cur
544 2291 723 2358 dubitemus
750 2290 833 2353 coni.
861 2291 904 2374 C.
929 2292 964 2376 6,
991 2265 1166 2374 tusto.
1195 2290 1280 2352 Pro-

174 2409 323 2474 verbium
339 2409 377 2476 C.
392 2411 426 2494 2,
445 2411 527 2497 155,
543 2411 647 2492 inquo
673 2410 792 2495 glaciei
808 2409 913 2493 frigus
929 2407 1104 2486 confertur,
1119 2408 1158 2468 ab
1173 2406 1282 2468 Arabe

178 2527 314 2608 primum
354 2527 475 2592 dictum
510 2546 703 2616 censemus,
740 2529 792 2620 qui
828 2529 943 2612 glaciei
980 2527 1084 2612 frigus
1119 2532 1281 2588 senserat.

175 2642 220 2708 Ut
233 2653 341 2708 autem
356 2646 542 2732 proverbia,
556 2665 637 2726 quae
653 2645 693 2708 de
710 2648 825 2710 ovibus
844 2641 1280 2727 caprisveconl.C.l.183.

185 2761 265 2823 184.
291 2771 405 2848 agunt,
430 2763 463 2824 in
489 2772 590 2849 gente
615 2763 773 2848 originem
808 2763 942 2828 duxisse
967 2763 1130 2850 videntur,
1170 2761 1283 2843 qrribus
1365 2747 1368 2756 ’

180 2895 263 2940 oves
290 2888 325 2942 et
350 2900 467 2962 caprae
492 2881 582 2946 cordi
608 2891 734 2970 essent,
772 2885 821 2948 sio
845 2886 1019 2967 proverbia
1058 2886 1113 2946 illa
1137 2883 1238 2947 multa
1263 2901 1284 2945 a

179 2994 308 3058 camelis
350 2994 510 3083 desumta,
537 2999 709 3063 maximam
742 3001 924 3082 partemin
949 3001 1100 3085 gentibus
1127 3007 1199 3062 orta
1223 3015 1285 3079 pn.

179 3120 297 3196 tamus,
324 3111 493 3194 inquibus
521 3116 663 3178 camelus
690 3117 784 3180 unica
808 3118 864 3178 vel
884 3117 1061 3199 praecipua
1086 3131 1160 3196 pars
1188 3131 1283 3196 opum

181 3215 283 3290 esset'.
335 3228 433 3292 'l'sles
474 3239 584 3294 autem
617 3251 683 3311 res,
717 3251 797 3314 quas
823 3233 934 3312 paucis
962 3240 1081 3294 tentum
1106 3230 1217 3292 verbis
1246 3237 1280 3291 et

181 3344 273 3422 quasi
304 3354 384 3410 nutu
409 3345 648 3434 indicavimus,
688 3350 845 3431 prolixius
882 3356 914 3412 et
939 3347 1117 3412 accuratius
1144 3345 1284 3409 describi

180 3468 332 3544 possent,
357 3461 494 3544 siquae
519 3464 655 3547 singulis
682 3466 824 3529 Arabum
860 3465 1011 3549 gentibus
1037 3460 1203 3524 tribuenda
1228 3482 1287 3523 es-

182 3585 257 3639 sent
283 3574 457 3659 proverbia
483 3588 518 3644 et
542 3581 653 3662 quales
680 3602 700 3643 a
724 3580 864 3644 diversis
891 3581 1040 3664 gentibus
1064 3578 1205 3641 incultae
1230 3598 1287 3639 re-

182 3695 297 3778 giones
331 3707 446 3762 essent
480 3707 513 3764 et
551 3699 623 3762 inde
656 3708 748 3762 ortae
787 3698 940 3762 diversae
977 3695 1096 3782 agendi
1133 3693 1286 3776 rationes,

181 3814 349 3878 sciremus.
402 3815 471 3878 Sed
493 3815 728 3878 Mohammedis
754 3813 881 3898 religio,
908 3831 989 3894 quac
1016 3824 1127 3872 omnes
1146 3806 1286 3870 Arabum

181 3938 301 4016 gentes
328 3937 501 4012 separatas
528 3931 561 3993 in
585 3951 682 3996 unum
710 3931 862 4014 populum
889 3937 1058 4015 congeret,
1096 3934 1132 3990 ut
1164 3924 1196 3984 in
1224 3923 1287 3985 lin-

185 4067 251 4132 gua
275 4047 426 4128 Arabica,
453 4049 560 4112 sicin
586 4049 725 4114 caeteris
751 4050 840 4112 vitae
866 4049 963 4110 rebus
983 4046 1209 4109 diversitatem
1235 4040 1286 4102 di-

186 4164 329 4226 minuens
357 4174 391 4226 et
417 4163 522 4248 magis
550 4166 715 4249 magisque
739 4166 858 4226 tollens
885 4163 1006 4248 effecit,
1032 4169 1068 4225 ut
1093 4179 1176 4240 quac
1191 4165 1288 4226 antee

186 4289 301 4344 essent
334 4280 533 4345 diversarum
559 4283 706 4368 gentium
732 4281 861 4362 propria
887 4277 1069 4361 proverbia,
1092 4276 1160 4357 jam
1187 4271 1286 4333 totius
