<?xml version="1.0" encoding="UTF-8"?>
<!DOCTYPE html PUBLIC "-//W3C//DTD XHTML 1.0 Transitional//EN"
    "http://www.w3.org/TR/xhtml1/DTD/xhtml1-transitional.dtd">
<html xmlns="http://www.w3.org/1999/xhtml" xml:lang="en" lang="en">
 <head>
  <title>
</title>
<meta http-equiv="Content-Type" content="text/html;charset=utf-8" />
  <meta name='ocr-system' content='tesseract 3.04.00' />
  <meta name='ocr-capabilities' content='ocr_page ocr_carea ocr_par ocr_line ocrx_word'/>
</head>
<body>
  <div class='ocr_page' id='page_1' title='image "./arabumproverbia03alfgoog_0104.png"; bbox 0 0 3082 4942; ppageno 0'>
   <div class='ocr_carea' id='block_1_1' title="bbox 616 399 821 464">
    <p class='ocr_par' dir='ltr' id='par_1_1' title="bbox 616 399 821 464">
     <span class='ocr_line' id='line_1_1' title="bbox 616 399 821 464; baseline -0.015 -17"><span class='ocrx_word' id='word_1_1' title='bbox 616 399 821 464; x_wconf 65' lang='grc'>...87-</span> 
     </span>
    </p>
   </div>
   <div class='ocr_carea' id='block_1_2' title="bbox 24 565 1422 4348">
    <p class='ocr_par' dir='ltr' id='par_1_2' title="bbox 162 565 1370 776">
     <span class='ocr_line' id='line_1_2' title="bbox 164 565 1370 668; baseline -0.002 -16"><span class='ocrx_word' id='word_1_2' title='bbox 164 583 428 666; x_wconf 67' lang='lat' dir='ltr'>aurianam.</span> <span class='ocrx_word' id='word_1_3' title='bbox 472 585 502 664; x_wconf 84' lang='lat' dir='ltr'>a,</span> <span class='ocrx_word' id='word_1_4' title='bbox 524 582 576 654; x_wconf 83' lang='lat' dir='ltr'>oo.</span> <span class='ocrx_word' id='word_1_5' title='bbox 619 585 670 668; x_wconf 88' lang='lat'><em>11,</em></span> <span class='ocrx_word' id='word_1_6' title='bbox 697 583 746 650; x_wconf 78' lang='lat' dir='ltr'>ra</span> <span class='ocrx_word' id='word_1_7' title='bbox 775 583 825 651; x_wconf 85' lang='lat'>30.</span> <span class='ocrx_word' id='word_1_8' title='bbox 854 583 905 650; x_wconf 81' lang='lat'>31.</span> <span class='ocrx_word' id='word_1_9' title='bbox 947 581 1075 668; x_wconf 62' lang='lat' dir='ltr'>ann.</span> <span class='ocrx_word' id='word_1_10' title='bbox 1103 583 1176 652; x_wconf 85' lang='lat'><em>281.-</em></span> <span class='ocrx_word' id='word_1_11' title='bbox 1214 583 1270 664; x_wconf 79' lang='lat' dir='ltr'>ar,</span> <span class='ocrx_word' id='word_1_12' title='bbox 1335 565 1370 588; x_wconf 76' lang='grc'><strong>”</strong></span> 
     </span>
     <span class='ocr_line' id='line_1_3' title="bbox 162 680 1270 776; baseline -0.007 -12"><span class='ocrx_word' id='word_1_13' title='bbox 162 693 194 764; x_wconf 88' lang='grc'>0.</span> <span class='ocrx_word' id='word_1_14' title='bbox 217 694 289 762; x_wconf 95' lang='grc'>101.</span> <span class='ocrx_word' id='word_1_15' title='bbox 314 694 384 760; x_wconf 91' lang='grc'>147.</span> <span class='ocrx_word' id='word_1_16' title='bbox 427 691 480 776; x_wconf 93' lang='grc'>27,</span> <span class='ocrx_word' id='word_1_17' title='bbox 502 691 572 775; x_wconf 83' lang='grc'>20,</span> <span class='ocrx_word' id='word_1_18' title='bbox 592 711 702 774; x_wconf 89' lang='lat' dir='ltr'>parum</span> <span class='ocrx_word' id='word_1_19' title='bbox 724 693 807 756; x_wconf 85' lang='lat' dir='ltr'>utilis</span> <span class='ocrx_word' id='word_1_20' title='bbox 829 691 861 770; x_wconf 92' lang='lat'>2,</span> <span class='ocrx_word' id='word_1_21' title='bbox 886 691 954 758; x_wconf 92' lang='grc'>117.</span> <span class='ocrx_word' id='word_1_22' title='bbox 997 690 1029 774; x_wconf 89' lang='grc'>5,</span> <span class='ocrx_word' id='word_1_23' title='bbox 1053 680 1149 772; x_wconf 82' lang='grc'>102,</span> <span class='ocrx_word' id='word_1_24' title='bbox 1166 693 1194 754; x_wconf 83' lang='lat' dir='ltr'>ia</span> <span class='ocrx_word' id='word_1_25' title='bbox 1217 692 1270 776; x_wconf 85' lang='lat' dir='ltr'>qui</span> 
     </span>
    </p>

    <p class='ocr_par' dir='ltr' id='par_1_3' title="bbox 46 790 1398 1428">
     <span class='ocr_line' id='line_1_4' title="bbox 46 790 1268 892; baseline -0.005 -20"><span class='ocrx_word' id='word_1_26' title='bbox 46 871 50 879; x_wconf 90' lang='grc'>,</span> <span class='ocrx_word' id='word_1_27' title='bbox 163 807 195 872; x_wconf 89' lang='lat' dir='ltr'>in</span> <span class='ocrx_word' id='word_1_28' title='bbox 215 806 300 892; x_wconf 87' lang='lat' dir='ltr'>bello</span> <span class='ocrx_word' id='word_1_29' title='bbox 323 803 420 868; x_wconf 75' lang='lat' dir='ltr'>sociis</span> <span class='ocrx_word' id='word_1_30' title='bbox 442 803 572 866; x_wconf 77' lang='lat' dir='ltr'>utilitati</span> <span class='ocrx_word' id='word_1_31' title='bbox 592 823 654 864; x_wconf 89' lang='lat' dir='ltr'>non</span> <span class='ocrx_word' id='word_1_32' title='bbox 677 811 729 864; x_wconf 83' lang='lat' dir='ltr'>est</span> <span class='ocrx_word' id='word_1_33' title='bbox 757 801 812 886; x_wconf 92' lang='lat'>22,</span> <span class='ocrx_word' id='word_1_34' title='bbox 845 800 932 884; x_wconf 91' lang='grc'>161.,</span> <span class='ocrx_word' id='word_1_35' title='bbox 968 790 998 866; x_wconf 81' lang='lat' dir='ltr'>is</span> <span class='ocrx_word' id='word_1_36' title='bbox 1029 801 1124 882; x_wconf 82' lang='lat' dir='ltr'>eujus</span> <span class='ocrx_word' id='word_1_37' title='bbox 1152 800 1268 866; x_wconf 86' lang='lat' dir='ltr'>bonum</span> 
     </span>
     <span class='ocr_line' id='line_1_5' title="bbox 164 908 1269 996; baseline -0.005 -19"><span class='ocrx_word' id='word_1_38' title='bbox 164 915 310 996; x_wconf 71' lang='lat' dir='ltr'>cupitur,</span> <span class='ocrx_word' id='word_1_39' title='bbox 334 912 393 976; x_wconf 80' lang='lat' dir='ltr'>sed</span> <span class='ocrx_word' id='word_1_40' title='bbox 416 910 510 993; x_wconf 82' lang='lat' dir='ltr'>oujue</span> <span class='ocrx_word' id='word_1_41' title='bbox 532 911 647 976; x_wconf 82' lang='lat' dir='ltr'>malum</span> <span class='ocrx_word' id='word_1_42' title='bbox 667 911 796 974; x_wconf 85' lang='lat' dir='ltr'>timetur</span> <span class='ocrx_word' id='word_1_43' title='bbox 817 909 870 993; x_wconf 88' lang='grc'>22,</span> <span class='ocrx_word' id='word_1_44' title='bbox 892 908 984 993; x_wconf 83' lang='grc'>133,</span> <span class='ocrx_word' id='word_1_45' title='bbox 1017 911 1130 972; x_wconf 86' lang='lat' dir='ltr'>merito</span> <span class='ocrx_word' id='word_1_46' title='bbox 1153 923 1269 972; x_wconf 75' lang='lat' dir='ltr'>oarem</span> 
     </span>
     <span class='ocr_line' id='line_1_6' title="bbox 162 1015 1271 1107; baseline -0.011 -19"><span class='ocrx_word' id='word_1_47' title='bbox 162 1021 217 1107; x_wconf 88' lang='grc'>24,</span> <span class='ocrx_word' id='word_1_48' title='bbox 244 1019 314 1088; x_wconf 85' lang='grc'>194.</span> <span class='ocrx_word' id='word_1_49' title='bbox 345 1016 438 1101; x_wconf 86' lang='grc'>196,</span> <span class='ocrx_word' id='word_1_50' title='bbox 477 1017 505 1080; x_wconf 82' lang='lat' dir='ltr'>io</span> <span class='ocrx_word' id='word_1_51' title='bbox 533 1016 629 1098; x_wconf 83' lang='lat' dir='ltr'>oujus</span> <span class='ocrx_word' id='word_1_52' title='bbox 652 1017 770 1080; x_wconf 85' lang='lat' dir='ltr'>crimen</span> <span class='ocrx_word' id='word_1_53' title='bbox 793 1015 833 1078; x_wconf 88' lang='lat' dir='ltr'>ad</span> <span class='ocrx_word' id='word_1_54' title='bbox 855 1023 987 1098; x_wconf 85' lang='lat' dir='ltr'>gentem</span> <span class='ocrx_word' id='word_1_55' title='bbox 1009 1023 1138 1096; x_wconf 82' lang='lat' dir='ltr'>spectat</span> <span class='ocrx_word' id='word_1_56' title='bbox 1162 1024 1196 1076; x_wconf 87' lang='lat' dir='ltr'>et</span> <span class='ocrx_word' id='word_1_57' title='bbox 1216 1015 1271 1098; x_wconf 87' lang='lat' dir='ltr'>qoi</span> 
     </span>
     <span class='ocr_line' id='line_1_7' title="bbox 165 1123 1270 1209; baseline -0.007 -17"><span class='ocrx_word' id='word_1_58' title='bbox 165 1130 195 1193; x_wconf 84' lang='lat' dir='ltr'>ei</span> <span class='ocrx_word' id='word_1_59' title='bbox 218 1137 284 1191; x_wconf 88' lang='lat' dir='ltr'>tam</span> <span class='ocrx_word' id='word_1_60' title='bbox 306 1127 415 1190; x_wconf 85' lang='lat' dir='ltr'>verbis</span> <span class='ocrx_word' id='word_1_61' title='bbox 437 1145 529 1209; x_wconf 88' lang='lat' dir='ltr'>qoam</span> <span class='ocrx_word' id='word_1_62' title='bbox 552 1127 649 1190; x_wconf 85' lang='lat' dir='ltr'>faotis</span> <span class='ocrx_word' id='word_1_63' title='bbox 671 1133 770 1188; x_wconf 84' lang='lat' dir='ltr'>nooet</span> <span class='ocrx_word' id='word_1_64' title='bbox 792 1123 953 1208; x_wconf 67' lang='lat'>18,201..;</span> <span class='ocrx_word' id='word_1_65' title='bbox 977 1125 1005 1184; x_wconf 87' lang='lat' dir='ltr'>is</span> <span class='ocrx_word' id='word_1_66' title='bbox 1028 1124 1059 1184; x_wconf 88' lang='lat' dir='ltr'>in</span> <span class='ocrx_word' id='word_1_67' title='bbox 1081 1142 1143 1206; x_wconf 78' lang='lat' dir='ltr'>quo</span> <span class='ocrx_word' id='word_1_68' title='bbox 1165 1142 1270 1205; x_wconf 79' lang='lat' dir='ltr'>neque</span> 
     </span>
     <span class='ocr_line' id='line_1_8' title="bbox 163 1230 1398 1318; baseline -0.004 -18"><span class='ocrx_word' id='word_1_69' title='bbox 163 1238 281 1301; x_wconf 88' lang='lat' dir='ltr'>bonum</span> <span class='ocrx_word' id='word_1_70' title='bbox 304 1232 791 1318; x_wconf 83' lang='lat' dir='ltr'>nequemalumest18,158.</span> <span class='ocrx_word' id='word_1_71' title='bbox 823 1231 876 1309; x_wconf 95' lang='grc'>24,</span> <span class='ocrx_word' id='word_1_72' title='bbox 903 1231 971 1297; x_wconf 91' lang='grc'>123.</span> <span class='ocrx_word' id='word_1_73' title='bbox 997 1231 1070 1298; x_wconf 86' lang='grc'>201.</span> <span class='ocrx_word' id='word_1_74' title='bbox 1100 1230 1270 1314; x_wconf 75' lang='lat' dir='ltr'>27,1to;</span> <span class='ocrx_word' id='word_1_75' title='bbox 1396 1283 1398 1288; x_wconf 95' lang='grc'>.</span> 
     </span>
     <span class='ocr_line' id='line_1_9' title="bbox 162 1338 1271 1428; baseline -0.005 -18"><span class='ocrx_word' id='word_1_76' title='bbox 162 1356 339 1428; x_wconf 76' lang='lat' dir='ltr'>suspectus</span> <span class='ocrx_word' id='word_1_77' title='bbox 369 1345 395 1421; x_wconf 83' lang='lat'><em>1,</em></span> <span class='ocrx_word' id='word_1_78' title='bbox 417 1343 510 1428; x_wconf 84' lang='grc'>378,</span> <span class='ocrx_word' id='word_1_79' title='bbox 542 1345 580 1420; x_wconf 84' lang='lat' dir='ltr'>is,</span> <span class='ocrx_word' id='word_1_80' title='bbox 603 1344 635 1404; x_wconf 89' lang='lat' dir='ltr'>in</span> <span class='ocrx_word' id='word_1_81' title='bbox 658 1361 751 1424; x_wconf 88' lang='lat' dir='ltr'>quom</span> <span class='ocrx_word' id='word_1_82' title='bbox 781 1343 921 1422; x_wconf 81' lang='lat' dir='ltr'>suspicio</span> <span class='ocrx_word' id='word_1_83' title='bbox 950 1341 1034 1404; x_wconf 87' lang='lat' dir='ltr'>cadit</span> <span class='ocrx_word' id='word_1_84' title='bbox 1062 1341 1091 1416; x_wconf 87' lang='lat'><em>3,</em></span> <span class='ocrx_word' id='word_1_85' title='bbox 1126 1338 1196 1404; x_wconf 88' lang='grc'>182</span> <span class='ocrx_word' id='word_1_86' title='bbox 1239 1342 1271 1414; x_wconf 85' lang='grc'>6,</span> 
     </span>
    </p>

    <p class='ocr_par' dir='ltr' id='par_1_4' title="bbox 72 1447 1275 1958">
     <span class='ocr_line' id='line_1_10' title="bbox 72 1447 1272 1536; baseline -0.015 -13"><span class='ocrx_word' id='word_1_87' title='bbox 72 1519 76 1528; x_wconf 79' lang='grc'>,</span> <span class='ocrx_word' id='word_1_88' title='bbox 160 1451 212 1522; x_wconf 81' lang='grc'>34.</span> <span class='ocrx_word' id='word_1_89' title='bbox 258 1454 306 1530; x_wconf 86' lang='lat'>18,</span> <span class='ocrx_word' id='word_1_90' title='bbox 344 1452 394 1517; x_wconf 88' lang='grc'>67.</span> <span class='ocrx_word' id='word_1_91' title='bbox 450 1455 497 1536; x_wconf 79' lang='lat' dir='ltr'>is,</span> <span class='ocrx_word' id='word_1_92' title='bbox 526 1472 545 1513; x_wconf 89' lang='lat' dir='ltr'>e</span> <span class='ocrx_word' id='word_1_93' title='bbox 576 1470 639 1532; x_wconf 88' lang='lat' dir='ltr'>quo</span> <span class='ocrx_word' id='word_1_94' title='bbox 667 1453 791 1513; x_wconf 83' lang='lat' dir='ltr'>nonnisi</span> <span class='ocrx_word' id='word_1_95' title='bbox 818 1471 870 1513; x_wconf 84' lang='lat' dir='ltr'>res</span> <span class='ocrx_word' id='word_1_96' title='bbox 898 1452 1043 1532; x_wconf 77' lang='lat' dir='ltr'>ingratae</span> <span class='ocrx_word' id='word_1_97' title='bbox 1079 1447 1272 1530; x_wconf 88' lang='lat' dir='ltr'>proveniunt</span> 
     </span>
     <span class='ocr_line' id='line_1_11' title="bbox 161 1537 1270 1643; baseline -0.004 -23"><span class='ocrx_word' id='word_1_98' title='bbox 161 1561 214 1638; x_wconf 80' lang='lat'>22,</span> <span class='ocrx_word' id='word_1_99' title='bbox 239 1559 333 1643; x_wconf 69' lang='grc'>202,</span> <span class='ocrx_word' id='word_1_100' title='bbox 354 1560 502 1640; x_wconf 79' lang='lat' dir='ltr'>ingratos</span> <span class='ocrx_word' id='word_1_101' title='bbox 524 1556 575 1633; x_wconf 87' lang='lat'>23,</span> <span class='ocrx_word' id='word_1_102' title='bbox 596 1555 665 1638; x_wconf 83' lang='grc'>92,</span> <span class='ocrx_word' id='word_1_103' title='bbox 687 1558 716 1618; x_wconf 82' lang='lat' dir='ltr'>is</span> <span class='ocrx_word' id='word_1_104' title='bbox 731 1556 902 1637; x_wconf 82' lang='lat' dir='ltr'>sineoojos</span> <span class='ocrx_word' id='word_1_105' title='bbox 918 1577 980 1638; x_wconf 86' lang='lat' dir='ltr'>ope</span> <span class='ocrx_word' id='word_1_106' title='bbox 993 1576 1046 1620; x_wconf 88' lang='lat' dir='ltr'>res</span> <span class='ocrx_word' id='word_1_107' title='bbox 1059 1537 1270 1637; x_wconf 76' lang='lat' dir='ltr'>perficiuntur</span> 
     </span>
     <span class='ocr_line' id='line_1_12' title="bbox 162 1659 1272 1748; baseline -0.006 -19"><span class='ocrx_word' id='word_1_108' title='bbox 162 1666 216 1742; x_wconf 88' lang='grc'>24,</span> <span class='ocrx_word' id='word_1_109' title='bbox 239 1663 330 1747; x_wconf 85' lang='grc'>150,</span> <span class='ocrx_word' id='word_1_110' title='bbox 370 1681 493 1726; x_wconf 84' lang='lat' dir='ltr'>avaros</span> <span class='ocrx_word' id='word_1_111' title='bbox 524 1663 554 1744; x_wconf 90' lang='lat'><em>1,</em></span> <span class='ocrx_word' id='word_1_112' title='bbox 584 1661 654 1726; x_wconf 73' lang='grc'>425·</span> <span class='ocrx_word' id='word_1_113' title='bbox 699 1663 750 1748; x_wconf 86' lang='grc'>12,</span> <span class='ocrx_word' id='word_1_114' title='bbox 781 1661 832 1727; x_wconf 87' lang='grc'>49.</span> <span class='ocrx_word' id='word_1_115' title='bbox 876 1661 927 1744; x_wconf 88' lang='grc'>13,</span> <span class='ocrx_word' id='word_1_116' title='bbox 959 1663 1011 1727; x_wconf 88' lang='grc'>87.</span> <span class='ocrx_word' id='word_1_117' title='bbox 1041 1661 1094 1726; x_wconf 87' lang='grc'>97.</span> <span class='ocrx_word' id='word_1_118' title='bbox 1129 1659 1193 1742; x_wconf 85' lang='grc'>14,</span> <span class='ocrx_word' id='word_1_119' title='bbox 1219 1660 1272 1724; x_wconf 94' lang='grc'>21.</span> 
     </span>
     <span class='ocr_line' id='line_1_13' title="bbox 165 1766 1272 1865; baseline -0.006 -25"><span class='ocrx_word' id='word_1_120' title='bbox 165 1773 216 1856; x_wconf 88' lang='grc'>15,</span> <span class='ocrx_word' id='word_1_121' title='bbox 240 1769 291 1840; x_wconf 87' lang='grc'>65.</span> <span class='ocrx_word' id='word_1_122' title='bbox 330 1770 382 1856; x_wconf 94' lang='grc'>18,</span> <span class='ocrx_word' id='word_1_123' title='bbox 407 1773 459 1838; x_wconf 91' lang='grc'>27.</span> <span class='ocrx_word' id='word_1_124' title='bbox 502 1772 555 1854; x_wconf 88' lang='grc'>22,</span> <span class='ocrx_word' id='word_1_125' title='bbox 577 1768 627 1836; x_wconf 89' lang='grc'>83.</span> <span class='ocrx_word' id='word_1_126' title='bbox 651 1771 702 1853; x_wconf 89' lang='grc'>23,</span> <span class='ocrx_word' id='word_1_127' title='bbox 743 1769 814 1836; x_wconf 89' lang='grc'>353.</span> <span class='ocrx_word' id='word_1_128' title='bbox 836 1766 907 1836; x_wconf 88' lang='grc'>618.</span> <span class='ocrx_word' id='word_1_129' title='bbox 928 1769 979 1850; x_wconf 89' lang='grc'>25,</span> <span class='ocrx_word' id='word_1_130' title='bbox 1003 1768 1073 1837; x_wconf 90' lang='grc'>161.</span> <span class='ocrx_word' id='word_1_131' title='bbox 1104 1769 1157 1850; x_wconf 90' lang='grc'>28,</span> <span class='ocrx_word' id='word_1_132' title='bbox 1180 1767 1272 1865; x_wconf 82' lang='grc'>136,</span> 
     </span>
     <span class='ocr_line' id='line_1_14' title="bbox 164 1873 1275 1958; baseline -0.005 -15"><span class='ocrx_word' id='word_1_133' title='bbox 164 1895 288 1943; x_wconf 81' lang='lat' dir='ltr'>avarus</span> <span class='ocrx_word' id='word_1_134' title='bbox 315 1887 350 1941; x_wconf 87' lang='lat' dir='ltr'>et</span> <span class='ocrx_word' id='word_1_135' title='bbox 377 1873 638 1952; x_wconf 62' lang='lat' dir='ltr'>diverterem</span> <span class='ocrx_word' id='word_1_136' title='bbox 674 1875 725 1958; x_wconf 89' lang='grc'>17,</span> <span class='ocrx_word' id='word_1_137' title='bbox 750 1875 799 1941; x_wconf 92' lang='grc'>14.</span> <span class='ocrx_word' id='word_1_138' title='bbox 837 1875 885 1954; x_wconf 89' lang='grc'>18,</span> <span class='ocrx_word' id='word_1_139' title='bbox 909 1875 959 1942; x_wconf 90' lang='grc'>58.</span> <span class='ocrx_word' id='word_1_140' title='bbox 984 1874 1055 1956; x_wconf 86' lang='grc'>60,</span> <span class='ocrx_word' id='word_1_141' title='bbox 1071 1892 1199 1938; x_wconf 81' lang='lat' dir='ltr'>avarus</span> <span class='ocrx_word' id='word_1_142' title='bbox 1220 1873 1275 1956; x_wconf 85' lang='lat' dir='ltr'>qui</span> 
     </span>
    </p>

    <p class='ocr_par' dir='ltr' id='par_1_5' title="bbox 99 1977 1404 2176">
     <span class='ocr_line' id='line_1_15' title="bbox 99 1977 1404 2068; baseline -0.005 -18"><span class='ocrx_word' id='word_1_143' title='bbox 99 2051 101 2061; x_wconf 66' lang='grc'>,</span> <span class='ocrx_word' id='word_1_144' title='bbox 165 2005 235 2050; x_wconf 92' lang='lat' dir='ltr'>rem</span> <span class='ocrx_word' id='word_1_145' title='bbox 259 1985 336 2048; x_wconf 85' lang='lat' dir='ltr'>dare</span> <span class='ocrx_word' id='word_1_146' title='bbox 370 1987 497 2068; x_wconf 84' lang='lat' dir='ltr'>cogitur</span> <span class='ocrx_word' id='word_1_147' title='bbox 528 1982 580 2064; x_wconf 89' lang='lat'>15,</span> <span class='ocrx_word' id='word_1_148' title='bbox 611 1983 677 2066; x_wconf 87' lang='grc'>10,</span> <span class='ocrx_word' id='word_1_149' title='bbox 715 1991 850 2066; x_wconf 81' lang='lat' dir='ltr'>avarus,</span> <span class='ocrx_word' id='word_1_150' title='bbox 882 2003 989 2066; x_wconf 85' lang='lat' dir='ltr'>equo</span> <span class='ocrx_word' id='word_1_151' title='bbox 1011 1984 1136 2046; x_wconf 84' lang='lat' dir='ltr'>nonnisi</span> <span class='ocrx_word' id='word_1_152' title='bbox 1155 2001 1277 2066; x_wconf 84' lang='lat' dir='ltr'>magna</span> <span class='ocrx_word' id='word_1_153' title='bbox 1400 1977 1404 1984; x_wconf 81' lang='lat'>&#39;</span> 
     </span>
     <span class='ocr_line' id='line_1_16' title="bbox 166 2091 1274 2176; baseline 0.005 -22"><span class='ocrx_word' id='word_1_154' title='bbox 166 2109 241 2156; x_wconf 88' lang='lat' dir='ltr'>oum</span> <span class='ocrx_word' id='word_1_155' title='bbox 262 2092 412 2155; x_wconf 87' lang='lat' dir='ltr'>molestia</span> <span class='ocrx_word' id='word_1_156' title='bbox 433 2091 588 2154; x_wconf 83' lang='lat' dir='ltr'>beneficia</span> <span class='ocrx_word' id='word_1_157' title='bbox 605 2101 831 2172; x_wconf 85' lang='lat' dir='ltr'>extorquentur</span> <span class='ocrx_word' id='word_1_158' title='bbox 844 2093 896 2176; x_wconf 90' lang='lat'>22,</span> <span class='ocrx_word' id='word_1_159' title='bbox 908 2092 1001 2174; x_wconf 84' lang='grc'>203,</span> <span class='ocrx_word' id='word_1_160' title='bbox 1024 2109 1155 2168; x_wconf 85' lang='lat' dir='ltr'>avarus,</span> <span class='ocrx_word' id='word_1_161' title='bbox 1180 2109 1274 2172; x_wconf 78' lang='lat' dir='ltr'>quem</span> 
     </span>
    </p>

    <p class='ocr_par' dir='ltr' id='par_1_6' title="bbox 81 2203 1405 2936">
     <span class='ocr_line' id='line_1_17' title="bbox 81 2203 1277 2288; baseline 0 -20"><span class='ocrx_word' id='word_1_162' title='bbox 81 2209 85 2214; x_wconf 82' lang='grc'><strong>“</strong></span> <span class='ocrx_word' id='word_1_163' title='bbox 168 2206 315 2268; x_wconf 85' lang='lat' dir='ltr'>homines</span> <span class='ocrx_word' id='word_1_164' title='bbox 339 2205 466 2288; x_wconf 78' lang='lat' dir='ltr'>fugiunt</span> <span class='ocrx_word' id='word_1_165' title='bbox 494 2203 548 2285; x_wconf 89' lang='grc'>24,</span> <span class='ocrx_word' id='word_1_166' title='bbox 584 2204 672 2288; x_wconf 84' lang='grc'>132,</span> <span class='ocrx_word' id='word_1_167' title='bbox 702 2224 822 2269; x_wconf 86' lang='lat' dir='ltr'>avaros</span> <span class='ocrx_word' id='word_1_168' title='bbox 850 2205 943 2268; x_wconf 83' lang='lat' dir='ltr'>dives</span> <span class='ocrx_word' id='word_1_169' title='bbox 970 2207 1024 2287; x_wconf 89' lang='lat' dir='ltr'>qui</span> <span class='ocrx_word' id='word_1_170' title='bbox 1045 2225 1065 2268; x_wconf 88' lang='lat' dir='ltr'>a</span> <span class='ocrx_word' id='word_1_171' title='bbox 1087 2213 1277 2287; x_wconf 78' lang='lat' dir='ltr'>paupertate</span> 
     </span>
     <span class='ocr_line' id='line_1_18' title="bbox 164 2298 1405 2398; baseline 0.001 -22"><span class='ocrx_word' id='word_1_172' title='bbox 164 2311 614 2398; x_wconf 82' lang='lat' dir='ltr'>praetextumpetit28,16.3</span> <span class='ocrx_word' id='word_1_173' title='bbox 638 2313 666 2375; x_wconf 84' lang='lat' dir='ltr'>is</span> <span class='ocrx_word' id='word_1_174' title='bbox 688 2314 832 2394; x_wconf 84' lang='lat' dir='ltr'>quisuis</span> <span class='ocrx_word' id='word_1_175' title='bbox 854 2298 972 2395; x_wconf 30' lang='lat' dir='ltr'>opibus*</span> <span class='ocrx_word' id='word_1_176' title='bbox 992 2331 1130 2396; x_wconf 83' lang='lat' dir='ltr'>parcens</span> <span class='ocrx_word' id='word_1_177' title='bbox 1142 2314 1275 2377; x_wconf 88' lang='lat' dir='ltr'>aliorum</span> <span class='ocrx_word' id='word_1_178' title='bbox 1401 2309 1405 2320; x_wconf 79' lang='lat'><em>&#39;</em></span> 
     </span>
     <span class='ocr_line' id='line_1_19' title="bbox 164 2415 1275 2505; baseline 0 -22"><span class='ocrx_word' id='word_1_179' title='bbox 164 2421 281 2503; x_wconf 84' lang='lat' dir='ltr'>opibus</span> <span class='ocrx_word' id='word_1_180' title='bbox 311 2420 447 2482; x_wconf 85' lang='lat' dir='ltr'>nutritur</span> <span class='ocrx_word' id='word_1_181' title='bbox 473 2419 525 2501; x_wconf 90' lang='grc'>28,</span> <span class='ocrx_word' id='word_1_182' title='bbox 559 2418 629 2503; x_wconf 75' lang='grc'>41,</span> <span class='ocrx_word' id='word_1_183' title='bbox 661 2439 796 2505; x_wconf 77' lang='lat' dir='ltr'>avaruS,</span> <span class='ocrx_word' id='word_1_184' title='bbox 831 2421 885 2503; x_wconf 83' lang='lat' dir='ltr'>qui</span> <span class='ocrx_word' id='word_1_185' title='bbox 918 2429 952 2483; x_wconf 92' lang='lat' dir='ltr'>et</span> <span class='ocrx_word' id='word_1_186' title='bbox 974 2422 1073 2497; x_wconf 34' lang='lat' dir='ltr'>,alium</span> <span class='ocrx_word' id='word_1_187' title='bbox 1105 2415 1275 2502; x_wconf 72' lang='lat' dir='ltr'>quominus</span> 
     </span>
     <span class='ocr_line' id='line_1_20' title="bbox 168 2513 1339 2610; baseline -0.001 -19"><span class='ocrx_word' id='word_1_188' title='bbox 168 2526 334 2591; x_wconf 82' lang='lat' dir='ltr'>beneficos</span> <span class='ocrx_word' id='word_1_189' title='bbox 354 2528 407 2606; x_wconf 85' lang='lat' dir='ltr'>sit,</span> <span class='ocrx_word' id='word_1_190' title='bbox 430 2527 559 2609; x_wconf 81' lang='lat' dir='ltr'>impedit</span> <span class='ocrx_word' id='word_1_191' title='bbox 582 2528 634 2606; x_wconf 90' lang='lat'>28,</span> <span class='ocrx_word' id='word_1_192' title='bbox 662 2528 734 2610; x_wconf 80' lang='grc'>43,</span> <span class='ocrx_word' id='word_1_193' title='bbox 768 2513 887 2592; x_wconf 81' lang='lat' dir='ltr'>avaros</span> <span class='ocrx_word' id='word_1_194' title='bbox 912 2531 941 2590; x_wconf 92' lang='lat' dir='ltr'>in</span> <span class='ocrx_word' id='word_1_195' title='bbox 963 2547 1057 2592; x_wconf 90' lang='lat' dir='ltr'>suum</span> <span class='ocrx_word' id='word_1_196' title='bbox 1081 2547 1172 2591; x_wconf 87' lang='lat' dir='ltr'>usum</span> <span class='ocrx_word' id='word_1_197' title='bbox 1195 2545 1276 2609; x_wconf 81' lang='lat' dir='ltr'>opes</span> <span class='ocrx_word' id='word_1_198' title='bbox 1337 2541 1339 2544; x_wconf 86' lang='grc'><strong><em>·</em></strong></span> 
     </span>
     <span class='ocr_line' id='line_1_21' title="bbox 165 2635 1277 2720; baseline -0.003 -20"><span class='ocrx_word' id='word_1_199' title='bbox 165 2653 306 2720; x_wconf 81' lang='lat' dir='ltr'>erogans</span> <span class='ocrx_word' id='word_1_200' title='bbox 331 2645 363 2699; x_wconf 89' lang='lat' dir='ltr'>et</span> <span class='ocrx_word' id='word_1_201' title='bbox 385 2637 456 2700; x_wconf 82' lang='lat' dir='ltr'>aliis</span> <span class='ocrx_word' id='word_1_202' title='bbox 475 2635 633 2699; x_wconf 83' lang='lat' dir='ltr'>beneficia</span> <span class='ocrx_word' id='word_1_203' title='bbox 653 2637 851 2718; x_wconf 84' lang='lat' dir='ltr'>exprobrans</span> <span class='ocrx_word' id='word_1_204' title='bbox 880 2637 935 2718; x_wconf 87' lang='lat'>28,</span> <span class='ocrx_word' id='word_1_205' title='bbox 963 2637 1012 2720; x_wconf 85' lang='grc'>8.,</span> <span class='ocrx_word' id='word_1_206' title='bbox 1050 2653 1170 2700; x_wconf 84' lang='lat' dir='ltr'>avarus</span> <span class='ocrx_word' id='word_1_207' title='bbox 1186 2649 1277 2719; x_wconf 79' lang='lat' dir='ltr'>&#39;pro-</span> 
     </span>
     <span class='ocr_line' id='line_1_22' title="bbox 166 2742 1278 2828; baseline 0.001 -19"><span class='ocrx_word' id='word_1_208' title='bbox 166 2746 275 2809; x_wconf 83' lang='lat' dir='ltr'>missis</span> <span class='ocrx_word' id='word_1_209' title='bbox 299 2765 362 2807; x_wconf 91' lang='lat' dir='ltr'>non</span> <span class='ocrx_word' id='word_1_210' title='bbox 384 2744 590 2806; x_wconf 78' lang='lat' dir='ltr'>ratisiaoiens</span> <span class='ocrx_word' id='word_1_211' title='bbox 609 2743 638 2818; x_wconf 88' lang='grc'>5,</span> <span class='ocrx_word' id='word_1_212' title='bbox 664 2743 736 2824; x_wconf 82' lang='grc'>13,</span> <span class='ocrx_word' id='word_1_213' title='bbox 772 2742 869 2804; x_wconf 84' lang='lat' dir='ltr'>vaide</span> <span class='ocrx_word' id='word_1_214' title='bbox 898 2761 1018 2805; x_wconf 85' lang='lat' dir='ltr'>avarus</span> <span class='ocrx_word' id='word_1_215' title='bbox 1040 2742 1091 2828; x_wconf 89' lang='grc'>23,</span> <span class='ocrx_word' id='word_1_216' title='bbox 1113 2745 1184 2810; x_wconf 88' lang='grc'>353.</span> <span class='ocrx_word' id='word_1_217' title='bbox 1207 2744 1278 2816; x_wconf 90' lang='grc'>608.</span> 
     </span>
     <span class='ocr_line' id='line_1_23' title="bbox 164 2849 1274 2936; baseline 0 -16"><span class='ocrx_word' id='word_1_218' title='bbox 164 2850 238 2922; x_wconf 91' lang='grc'>618.</span> <span class='ocrx_word' id='word_1_219' title='bbox 284 2849 563 2932; x_wconf 60' lang='lat' dir='ltr'>anaim-73.</span> <span class='ocrx_word' id='word_1_220' title='bbox 587 2849 735 2920; x_wconf 88' lang='grc'>90177.</span> <span class='ocrx_word' id='word_1_221' title='bbox 774 2849 829 2930; x_wconf 86' lang='grc'>26,</span> <span class='ocrx_word' id='word_1_222' title='bbox 850 2851 901 2916; x_wconf 93' lang='grc'>88.</span> <span class='ocrx_word' id='word_1_223' title='bbox 945 2850 1000 2933; x_wconf 89' lang='grc'>27,</span> <span class='ocrx_word' id='word_1_224' title='bbox 1026 2852 1055 2914; x_wconf 90' lang='grc'>2.</span> <span class='ocrx_word' id='word_1_225' title='bbox 1098 2853 1274 2936; x_wconf 71' lang='grc'>28162,</span> 
     </span>
    </p>

    <p class='ocr_par' dir='ltr' id='par_1_7' title="bbox 27 2959 1422 3806">
     <span class='ocr_line' id='line_1_24' title="bbox 27 2959 1352 3052; baseline 0 -28"><span class='ocrx_word' id='word_1_226' title='bbox 27 2973 40 3002; x_wconf 80' lang='grc'>’</span> <span class='ocrx_word' id='word_1_227' title='bbox 161 2980 288 3051; x_wconf 80' lang='lat' dir='ltr'>pravus</span> <span class='ocrx_word' id='word_1_228' title='bbox 311 2963 341 3040; x_wconf 87' lang='lat'>3,</span> <span class='ocrx_word' id='word_1_229' title='bbox 360 2960 431 3045; x_wconf 83' lang='lat'><strong>31.;</strong></span> <span class='ocrx_word' id='word_1_230' title='bbox 453 2979 577 3044; x_wconf 85' lang='lat' dir='ltr'>pravus</span> <span class='ocrx_word' id='word_1_231' title='bbox 599 2961 741 3052; x_wconf 87' lang='lat' dir='ltr'>moribus</span> <span class='ocrx_word' id='word_1_232' title='bbox 762 2961 792 3038; x_wconf 92' lang='lat'>2,</span> <span class='ocrx_word' id='word_1_233' title='bbox 808 2960 858 3028; x_wconf 89' lang='grc'>61.</span> <span class='ocrx_word' id='word_1_234' title='bbox 904 2959 956 3044; x_wconf 88' lang='grc'>14,</span> <span class='ocrx_word' id='word_1_235' title='bbox 972 2962 1041 3044; x_wconf 86' lang='grc'>73,</span> <span class='ocrx_word' id='word_1_236' title='bbox 1064 2979 1199 3049; x_wconf 85' lang='lat' dir='ltr'>pravus,</span> <span class='ocrx_word' id='word_1_237' title='bbox 1222 2961 1276 3043; x_wconf 90' lang='lat' dir='ltr'>qui</span> <span class='ocrx_word' id='word_1_238' title='bbox 1351 2976 1352 2984; x_wconf 55' lang='lat'>¹</span> 
     </span>
     <span class='ocr_line' id='line_1_25' title="bbox 163 3065 1278 3152; baseline -0.003 -18"><span class='ocrx_word' id='word_1_239' title='bbox 163 3070 287 3134; x_wconf 87' lang='lat' dir='ltr'>honore</span> <span class='ocrx_word' id='word_1_240' title='bbox 309 3070 455 3133; x_wconf 86' lang='lat' dir='ltr'>adiicitur</span> <span class='ocrx_word' id='word_1_241' title='bbox 480 3069 531 3143; x_wconf 84' lang='grc'>18,</span> <span class='ocrx_word' id='word_1_242' title='bbox 554 3065 646 3150; x_wconf 86' lang='grc'>196,</span> <span class='ocrx_word' id='word_1_243' title='bbox 679 3071 800 3152; x_wconf 84' lang='lat' dir='ltr'>pravos</span> <span class='ocrx_word' id='word_1_244' title='bbox 830 3078 864 3132; x_wconf 87' lang='lat' dir='ltr'>et</span> <span class='ocrx_word' id='word_1_245' title='bbox 893 3071 994 3152; x_wconf 83' lang='lat' dir='ltr'>turpis</span> <span class='ocrx_word' id='word_1_246' title='bbox 1023 3069 1075 3152; x_wconf 90' lang='grc'>27,</span> <span class='ocrx_word' id='word_1_247' title='bbox 1107 3068 1177 3146; x_wconf 90' lang='grc'>91.,</span> <span class='ocrx_word' id='word_1_248' title='bbox 1215 3068 1278 3132; x_wconf 86' lang='lat' dir='ltr'>duo</span> 
     </span>
     <span class='ocr_line' id='line_1_26' title="bbox 166 3174 1422 3262; baseline 0 -22"><span class='ocrx_word' id='word_1_249' title='bbox 166 3180 260 3260; x_wconf 88' lang='lat' dir='ltr'>pravi</span> <span class='ocrx_word' id='word_1_250' title='bbox 283 3177 445 3258; x_wconf 85' lang='lat' dir='ltr'>conjuncti</span> <span class='ocrx_word' id='word_1_251' title='bbox 469 3180 497 3253; x_wconf 88' lang='lat'><em>1,</em></span> <span class='ocrx_word' id='word_1_252' title='bbox 518 3176 592 3244; x_wconf 89' lang='grc'>453.</span> <span class='ocrx_word' id='word_1_253' title='bbox 635 3174 667 3261; x_wconf 91' lang='grc'>9,</span> <span class='ocrx_word' id='word_1_254' title='bbox 690 3175 759 3260; x_wconf 79' lang='grc'>36,</span> <span class='ocrx_word' id='word_1_255' title='bbox 783 3179 940 3261; x_wconf 84' lang='lat' dir='ltr'>vituperio</span> <span class='ocrx_word' id='word_1_256' title='bbox 957 3178 1041 3262; x_wconf 85' lang='lat' dir='ltr'>digni</span> <span class='ocrx_word' id='word_1_257' title='bbox 1058 3176 1193 3256; x_wconf 88' lang='grc'>26,18.,</span> <span class='ocrx_word' id='word_1_258' title='bbox 1216 3198 1280 3242; x_wconf 87' lang='lat' dir='ltr'>non</span> <span class='ocrx_word' id='word_1_259' title='bbox 1416 3197 1422 3210; x_wconf 58' lang='grc'><strong>“</strong></span> 
     </span>
     <span class='ocr_line' id='line_1_27' title="bbox 171 3284 1279 3373; baseline 0.004 -27"><span class='ocrx_word' id='word_1_260' title='bbox 171 3285 298 3362; x_wconf 84' lang='lat' dir='ltr'>omnino</span> <span class='ocrx_word' id='word_1_261' title='bbox 322 3296 490 3365; x_wconf 84' lang='lat' dir='ltr'>corruptos</span> <span class='ocrx_word' id='word_1_262' title='bbox 514 3291 544 3369; x_wconf 90' lang='lat'><em>1,</em></span> <span class='ocrx_word' id='word_1_263' title='bbox 569 3285 660 3373; x_wconf 84' lang='grc'>153,</span> <span class='ocrx_word' id='word_1_264' title='bbox 683 3287 882 3368; x_wconf 81' lang='lat' dir='ltr'>perniciosus</span> <span class='ocrx_word' id='word_1_265' title='bbox 908 3288 939 3368; x_wconf 89' lang='lat'><em>1,</em></span> <span class='ocrx_word' id='word_1_266' title='bbox 961 3284 1010 3352; x_wconf 87' lang='grc'>93.</span> <span class='ocrx_word' id='word_1_267' title='bbox 1032 3287 1112 3366; x_wconf 89' lang='grc'>275,</span> <span class='ocrx_word' id='word_1_268' title='bbox 1133 3286 1279 3370; x_wconf 85' lang='lat' dir='ltr'>ingratus</span> 
     </span>
     <span class='ocr_line' id='line_1_28' title="bbox 168 3389 1282 3479; baseline 0.004 -25"><span class='ocrx_word' id='word_1_269' title='bbox 168 3389 202 3454; x_wconf 90' lang='lat' dir='ltr'>in</span> <span class='ocrx_word' id='word_1_270' title='bbox 214 3391 452 3455; x_wconf 78' lang='lat' dir='ltr'>benefactorem</span> <span class='ocrx_word' id='word_1_271' title='bbox 474 3389 506 3474; x_wconf 90' lang='grc'>6,</span> <span class='ocrx_word' id='word_1_272' title='bbox 528 3393 580 3460; x_wconf 79' lang='lat' dir='ltr'>to.</span> <span class='ocrx_word' id='word_1_273' title='bbox 613 3394 665 3478; x_wconf 87' lang='lat'><em>18,</em></span> <span class='ocrx_word' id='word_1_274' title='bbox 686 3393 759 3462; x_wconf 88' lang='grc'>206.</span> <span class='ocrx_word' id='word_1_275' title='bbox 792 3394 843 3467; x_wconf 86' lang='grc'>28,</span> <span class='ocrx_word' id='word_1_276' title='bbox 867 3392 937 3475; x_wconf 83' lang='grc'>63,</span> <span class='ocrx_word' id='word_1_277' title='bbox 958 3393 1163 3458; x_wconf 80' lang='lat' dir='ltr'>benefieiisin</span> <span class='ocrx_word' id='word_1_278' title='bbox 1178 3396 1282 3479; x_wconf 87' lang='lat' dir='ltr'>ipsum</span> 
     </span>
     <span class='ocr_line' id='line_1_29' title="bbox 168 3481 1279 3584; baseline 0.002 -20"><span class='ocrx_word' id='word_1_279' title='bbox 168 3499 295 3572; x_wconf 79' lang='lat' dir='ltr'>ooliatie</span> <span class='ocrx_word' id='word_1_280' title='bbox 317 3497 467 3584; x_wconf 82' lang='lat' dir='ltr'>indignos</span> <span class='ocrx_word' id='word_1_281' title='bbox 490 3499 545 3582; x_wconf 86' lang='lat'>23,</span> <span class='ocrx_word' id='word_1_282' title='bbox 571 3500 645 3581; x_wconf 86' lang='lat'><strong>91.;</strong></span> <span class='ocrx_word' id='word_1_283' title='bbox 666 3503 826 3584; x_wconf 83' lang='lat' dir='ltr'>ingratus,</span> <span class='ocrx_word' id='word_1_284' title='bbox 849 3481 1035 3564; x_wconf 83' lang='lat' dir='ltr'>inobediens</span> <span class='ocrx_word' id='word_1_285' title='bbox 1059 3501 1088 3579; x_wconf 90' lang='grc'>1,</span> <span class='ocrx_word' id='word_1_286' title='bbox 1109 3500 1195 3584; x_wconf 82' lang='grc'>392,</span> <span class='ocrx_word' id='word_1_287' title='bbox 1226 3504 1279 3566; x_wconf 89' lang='lat' dir='ltr'>in-</span> 
     </span>
     <span class='ocr_line' id='line_1_30' title="bbox 165 3607 1281 3694; baseline 0 -20"><span class='ocrx_word' id='word_1_288' title='bbox 165 3619 283 3694; x_wconf 77' lang='lat' dir='ltr'>gratos</span> <span class='ocrx_word' id='word_1_289' title='bbox 307 3627 425 3673; x_wconf 84' lang='lat' dir='ltr'>noxam</span> <span class='ocrx_word' id='word_1_290' title='bbox 447 3609 588 3673; x_wconf 75' lang='lat' dir='ltr'>inferens</span> <span class='ocrx_word' id='word_1_291' title='bbox 608 3608 663 3688; x_wconf 89' lang='grc'>23,</span> <span class='ocrx_word' id='word_1_292' title='bbox 691 3609 758 3676; x_wconf 80' lang='grc'>158.</span> <span class='ocrx_word' id='word_1_293' title='bbox 782 3607 873 3690; x_wconf 83' lang='grc'>552,</span> <span class='ocrx_word' id='word_1_294' title='bbox 899 3611 929 3673; x_wconf 77' lang='lat' dir='ltr'>is</span> <span class='ocrx_word' id='word_1_295' title='bbox 952 3609 1045 3690; x_wconf 82' lang='lat' dir='ltr'>oojos</span> <span class='ocrx_word' id='word_1_296' title='bbox 1065 3619 1179 3674; x_wconf 87' lang='lat' dir='ltr'>natura</span> <span class='ocrx_word' id='word_1_297' title='bbox 1207 3630 1281 3674; x_wconf 86' lang='lat' dir='ltr'>mo·</span> 
     </span>
     <span class='ocr_line' id='line_1_31' title="bbox 167 3717 1280 3806; baseline 0.004 -26"><span class='ocrx_word' id='word_1_298' title='bbox 167 3719 257 3806; x_wconf 83' lang='lat' dir='ltr'>ligna</span> <span class='ocrx_word' id='word_1_299' title='bbox 294 3725 345 3782; x_wconf 83' lang='lat' dir='ltr'>eet</span> <span class='ocrx_word' id='word_1_300' title='bbox 376 3718 407 3780; x_wconf 90' lang='lat' dir='ltr'>in</span> <span class='ocrx_word' id='word_1_301' title='bbox 439 3717 640 3784; x_wconf 84' lang='lat' dir='ltr'>defendendo</span> <span class='ocrx_word' id='word_1_302' title='bbox 671 3719 724 3796; x_wconf 88' lang='lat'><em>25,</em></span> <span class='ocrx_word' id='word_1_303' title='bbox 759 3722 830 3803; x_wconf 84' lang='grc'>32,</span> <span class='ocrx_word' id='word_1_304' title='bbox 867 3719 908 3783; x_wconf 88' lang='lat' dir='ltr'>ad</span> <span class='ocrx_word' id='word_1_305' title='bbox 937 3721 1054 3784; x_wconf 85' lang='lat' dir='ltr'>maiam</span> <span class='ocrx_word' id='word_1_306' title='bbox 1081 3721 1280 3785; x_wconf 84' lang='lat' dir='ltr'>inferendum</span> 
     </span>
    </p>

    <p class='ocr_par' dir='ltr' id='par_1_8' title="bbox 24 3825 1380 4020">
     <span class='ocr_line' id='line_1_32' title="bbox 24 3825 1277 3910; baseline -0.001 -18"><span class='ocrx_word' id='word_1_307' title='bbox 24 3879 30 3898; x_wconf 78' lang='grc'>,</span> <span class='ocrx_word' id='word_1_308' title='bbox 168 3827 359 3910; x_wconf 72' lang='lat' dir='ltr'>paratust,</span> <span class='ocrx_word' id='word_1_309' title='bbox 384 3825 434 3894; x_wconf 85' lang='grc'>92.</span> <span class='ocrx_word' id='word_1_310' title='bbox 476 3828 693 3894; x_wconf 81' lang='lat' dir='ltr'>Malefaoiene</span> <span class='ocrx_word' id='word_1_311' title='bbox 719 3829 812 3891; x_wconf 83' lang='lat' dir='ltr'>alteri</span> <span class='ocrx_word' id='word_1_312' title='bbox 834 3849 877 3894; x_wconf 85' lang='lat' dir='ltr'>ex</span> <span class='ocrx_word' id='word_1_313' title='bbox 895 3849 988 3892; x_wconf 86' lang='lat' dir='ltr'>more</span> <span class='ocrx_word' id='word_1_314' title='bbox 1008 3849 1068 3894; x_wconf 89' lang='lat' dir='ltr'>suo</span> <span class='ocrx_word' id='word_1_315' title='bbox 1089 3829 1137 3907; x_wconf 88' lang='lat'>15,</span> <span class='ocrx_word' id='word_1_316' title='bbox 1155 3828 1174 3895; x_wconf 90' lang='grc'>9</span> <span class='ocrx_word' id='word_1_317' title='bbox 1189 3851 1216 3900; x_wconf 79' lang='grc'>.;</span> <span class='ocrx_word' id='word_1_318' title='bbox 1238 3828 1277 3910; x_wconf 82' lang='lat' dir='ltr'>is,</span> 
     </span>
     <span class='ocr_line' id='line_1_33' title="bbox 171 3920 1380 4020; baseline 0 -20"><span class='ocrx_word' id='word_1_319' title='bbox 171 3935 264 4018; x_wconf 84' lang='lat' dir='ltr'>cujus</span> <span class='ocrx_word' id='word_1_320' title='bbox 285 3936 379 4019; x_wconf 77' lang='lat' dir='ltr'>male,</span> <span class='ocrx_word' id='word_1_321' title='bbox 403 3954 486 4019; x_wconf 88' lang='lat' dir='ltr'>quae</span> <span class='ocrx_word' id='word_1_322' title='bbox 507 3937 604 4000; x_wconf 83' lang='lat' dir='ltr'>infert</span> <span class='ocrx_word' id='word_1_323' title='bbox 624 3937 748 4020; x_wconf 87' lang='lat' dir='ltr'>majora</span> <span class='ocrx_word' id='word_1_324' title='bbox 769 3945 855 4016; x_wconf 86' lang='lat' dir='ltr'>sunt,</span> <span class='ocrx_word' id='word_1_325' title='bbox 890 3955 984 4020; x_wconf 85' lang='lat' dir='ltr'>qoam</span> <span class='ocrx_word' id='word_1_326' title='bbox 1005 3920 1089 4000; x_wconf 73' lang='lat' dir='ltr'>bona</span> <span class='ocrx_word' id='word_1_327' title='bbox 1109 3937 1162 4012; x_wconf 90' lang='lat'>28,</span> <span class='ocrx_word' id='word_1_328' title='bbox 1190 3937 1280 4016; x_wconf 88' lang='grc'>142,</span> <span class='ocrx_word' id='word_1_329' title='bbox 1372 3977 1380 3982; x_wconf 95' lang='grc'>-</span> 
     </span>
    </p>

    <p class='ocr_par' dir='ltr' id='par_1_9' title="bbox 112 4042 1346 4348">
     <span class='ocr_line' id='line_1_34' title="bbox 112 4042 1279 4130; baseline 0.003 -22"><span class='ocrx_word' id='word_1_330' title='bbox 112 4105 117 4119; x_wconf 83' lang='grc'>,</span> <span class='ocrx_word' id='word_1_331' title='bbox 170 4043 349 4126; x_wconf 77' lang='lat' dir='ltr'>perditores</span> <span class='ocrx_word' id='word_1_332' title='bbox 373 4042 422 4122; x_wconf 90' lang='grc'>18,</span> <span class='ocrx_word' id='word_1_333' title='bbox 444 4043 513 4126; x_wconf 67' lang='grc'>44,</span> <span class='ocrx_word' id='word_1_334' title='bbox 536 4055 743 4129; x_wconf 81' lang='lat' dir='ltr'>oorroptorea</span> <span class='ocrx_word' id='word_1_335' title='bbox 765 4046 827 4111; x_wconf 89' lang='lat' dir='ltr'>duo</span> <span class='ocrx_word' id='word_1_336' title='bbox 849 4047 904 4130; x_wconf 87' lang='grc'>27,</span> <span class='ocrx_word' id='word_1_337' title='bbox 927 4050 994 4127; x_wconf 78' lang='grc'>21,</span> <span class='ocrx_word' id='word_1_338' title='bbox 1023 4065 1061 4110; x_wconf 82' lang='lat' dir='ltr'>ee</span> <span class='ocrx_word' id='word_1_339' title='bbox 1082 4065 1279 4130; x_wconf 71' lang='lat' dir='ltr'>praeparans</span> 
     </span>
     <span class='ocr_line' id='line_1_35' title="bbox 173 4151 1278 4240; baseline 0.001 -24"><span class='ocrx_word' id='word_1_340' title='bbox 173 4151 215 4216; x_wconf 84' lang='lat' dir='ltr'>ad</span> <span class='ocrx_word' id='word_1_341' title='bbox 236 4153 355 4218; x_wconf 85' lang='lat' dir='ltr'>maium</span> <span class='ocrx_word' id='word_1_342' title='bbox 378 4151 577 4217; x_wconf 81' lang='lat' dir='ltr'>inferentium</span> <span class='ocrx_word' id='word_1_343' title='bbox 606 4155 635 4229; x_wconf 91' lang='grc'>2,</span> <span class='ocrx_word' id='word_1_344' title='bbox 667 4153 734 4232; x_wconf 88' lang='grc'>62,</span> <span class='ocrx_word' id='word_1_345' title='bbox 767 4156 804 4218; x_wconf 78' lang='lat' dir='ltr'>ria</span> <span class='ocrx_word' id='word_1_346' title='bbox 836 4154 930 4240; x_wconf 82' lang='lat' dir='ltr'>eujus</span> <span class='ocrx_word' id='word_1_347' title='bbox 957 4173 1044 4220; x_wconf 84' lang='lat' dir='ltr'>noxa</span> <span class='ocrx_word' id='word_1_348' title='bbox 1073 4157 1201 4218; x_wconf 79' lang='lat' dir='ltr'>timetur</span> <span class='ocrx_word' id='word_1_349' title='bbox 1227 4153 1278 4232; x_wconf 81' lang='grc'>24,</span> 
     </span>
     <span class='ocr_line' id='line_1_36' title="bbox 175 4255 1346 4348; baseline -0.001 -24"><span class='ocrx_word' id='word_1_350' title='bbox 175 4255 266 4340; x_wconf 82' lang='grc'>308,</span> <span class='ocrx_word' id='word_1_351' title='bbox 287 4262 421 4326; x_wconf 85' lang='lat' dir='ltr'>multum</span> <span class='ocrx_word' id='word_1_352' title='bbox 444 4261 608 4326; x_wconf 81' lang='lat' dir='ltr'>cavendus</span> <span class='ocrx_word' id='word_1_353' title='bbox 629 4268 659 4348; x_wconf 91' lang='lat'><em>1,</em></span> <span class='ocrx_word' id='word_1_354' title='bbox 682 4261 772 4344; x_wconf 81' lang='grc'>374,</span> <span class='ocrx_word' id='word_1_355' title='bbox 803 4263 986 4328; x_wconf 78' lang='lat' dir='ltr'>caetitatem</span> <span class='ocrx_word' id='word_1_356' title='bbox 1010 4261 1186 4327; x_wconf 79' lang='lat' dir='ltr'>ostendam</span> <span class='ocrx_word' id='word_1_357' title='bbox 1205 4261 1279 4324; x_wconf 82' lang='lat' dir='ltr'>dum</span> <span class='ocrx_word' id='word_1_358' title='bbox 1339 4291 1346 4300; x_wconf 88' lang='lat'>·</span> 
     </span>
    </p>
   </div>
   <div class='ocr_carea' id='block_1_3' title="bbox 0 0 1553 4942">
    <p class='ocr_par' dir='ltr' id='par_1_10' title="bbox 0 0 1553 4942">
     <span class='ocr_line' id='line_1_37' title="bbox 0 0 1553 4942; baseline 0 0"><span class='ocrx_word' id='word_1_359' title='bbox 0 0 1553 4942; x_wconf 95' lang='lat' dir='ltr'> </span> 
     </span>
    </p>
   </div>
  </div>
 </body>
</html>
