3082 4942
747 367 973 429 ..154ss

314 567 391 613 nore
429 567 468 612 se
493 558 585 613 ornat
617 549 673 632 24,
709 548 780 614 440.
830 549 994 610 Honorem
1029 565 1222 624 conserves,
1258 549 1321 610 etsi
1342 565 1419 612 cum

315 657 460 722 molestia
470 655 663 737 conjunctus
678 665 729 720 est
743 663 776 718 et
785 655 988 737 opprobrium
999 652 1118 735 fugias,
1140 655 1203 716 etsi
1217 654 1422 720 commodam

315 764 415 828 vitam
437 764 492 828 tibi
512 772 605 846 parat
627 762 677 847 17,
700 763 729 828 4.
772 764 881 825 Nelo
908 760 1041 842 abjicias
1072 759 1109 837 5,
1139 759 1207 826 195.
1251 763 1302 839 23,
1326 762 1421 846 187.;

302 864 388 936 'nam
410 873 463 955 qui
484 871 545 934 sibi
566 870 816 935 contemnendus
838 877 901 946 est,
919 869 948 930 is
970 869 1039 932 aliis
1059 867 1183 948 majore
1203 869 1425 932 contemtione

315 980 432 1066 dignos
453 988 506 1043 est
524 977 576 1058 24,
599 978 752 1046 oleum.
796 979 866 1041 Viri
887 977 988 1039 honor
1010 997 1030 1039 e
1050 977 1207 1040 desiderio
1222 976 1294 1058 ejus
1306 978 1411 1044 oritur

314 1109 377 1172 quo
399 1091 559 1156 homiuum
581 1089 733 1152 honorem
755 1087 842 1168 eupit
863 1087 914 1168 18,
937 1086 1008 1158 272,
1033 1105 1106 1148 nam
1128 1087 1180 1168 qui
1201 1088 1289 1156 viros
1317 1107 1413 1151 revo-

312 1198 403 1277 ritur,
427 1215 501 1260 eum
524 1203 713 1260 reveruntur
733 1195 784 1271 24,
805 1191 876 1260 453.
917 1195 1092 1270 Honorem,
1113 1211 1176 1275 quo
1198 1194 1239 1257 ab
1267 1194 1339 1258 aliis
1361 1216 1419 1258 or·

312 1312 420 1388 natur,
442 1322 536 1368 nemo
556 1312 682 1366 recuset
702 1301 753 1381 23,
776 1299 866 1382 325,
888 1299 949 1364 aed
971 1298 1072 1364 bonor
1093 1319 1234 1383 quocum
1255 1302 1417 1384 pernicies

312 1409 484 1491 conjuncta
512 1418 580 1486 est,
610 1410 769 1492 pessimus
801 1418 854 1474 est
873 1410 1040 1473 habendus
1065 1410 1119 1492 13,
1146 1410 1175 1477 9.
1199 1410 1248 1475 10.
1290 1410 1355 1490 Qui
1377 1413 1416 1474 ob

310 1535 446 1597 parvum
469 1515 673 1579 commodum
693 1516 866 1598 ignominia
886 1534 924 1579 se
947 1513 1062 1592 adficit,
1087 1517 1311 1597 poenitentiam
1334 1535 1416 1580 sen-

310 1621 368 1686 tiet
391 1624 421 1700 7,
441 1620 509 1705 39.;
536 1641 611 1686 narn
630 1623 793 1706 turpitudo
815 1623 972 1687 vilitatem
999 1624 1220 1705 procreati&
1246 1624 1319 1690 278.
1360 1627 1416 1689 Ne

308 1731 490 1811 permittas,
517 1739 551 1794 nt
572 1731 653 1794 alter
675 1751 755 1816 ergo
772 1740 804 1795 te
825 1730 980 1797 audacem
1001 1749 1040 1792 se
1061 1739 1155 1814 gerat
1176 1729 1228 1808 23,
1248 1730 1335 1812 4345
1357 1735 1417 1798 sed

307 1855 444 1920 gravem
472 1846 506 1900 te
521 1837 686 1921 ostendas,
714 1848 750 1900 ut
770 1839 824 1900 alii
845 1847 878 1902 te
899 1846 1092 1901 venerentur
1112 1837 1165 1923 26,
1189 1838 1259 1904 127.
1300 1841 1416 1904 Dede-

309 1949 376 2010 cori
388 1955 521 2009 mortem
541 1947 703 2028 praeferre
727 1947 882 2012 debemus
903 1947 954 2025 24,
968 1948 1039 2016 287.
1056 1949 1128 2016 289.
1145 1948 1218 2027 319,
1235 1952 1307 2017 370.
1330 1952 1415 2020 3746

308 2071 382 2116 nam
412 2071 498 2116 mors
537 2052 649 2116 nobilis
675 2055 786 2118 melior
816 2062 867 2116 est
888 2073 983 2136 quam
1004 2056 1073 2120 vita
1094 2057 1242 2138 ignobilis
1264 2057 1317 2142 24,
1339 2059 1415 2126 336.

307 2161 362 2226 Sis
383 2161 480 2243 igitur
500 2160 654 2228 sollicitus
675 2158 716 2222 de
736 2161 856 2225 bonore
877 2172 930 2224 tuo
951 2164 1184 2242 conservando,
1208 2187 1281 2230 nam
1310 2167 1414 2232 honor

306 2287 360 2332 res
381 2267 551 2330 vendibilis
572 2275 622 2329 est
642 2265 696 2347 24,
718 2266 790 2334 403.
834 2271 1004 2335 Hominum
1031 2273 1236 2354 vituperatio,
1256 2277 1321 2338 etsi
1350 2278 1418 2340 im-

306 2378 420 2442 merita
440 2383 504 2456 est,
526 2382 631 2438 tamen
656 2383 754 2438 nocet
775 2374 807 2458 6,
832 2376 879 2442 11.

735 2625 852 2718 One.
899 2628 977 2715 Vl.

544 2835 549 2844 ,
606 2776 666 2830 lle
683 2772 898 2843 mentone,
915 2775 1116 2844 potentia.

266 2946 269 2954 .
387 2896 537 2979 Dignitas
560 2895 673 2975 opibus
696 2894 840 2975 aequalis
869 2903 919 2958 est
947 2897 988 2977 2,
1015 2896 1099 2973 188.;
1135 2897 1193 2960 sed
1214 2919 1255 2961 ne
1279 2903 1354 2983 quis
1379 2905 1415 2967 in

303 3006 459 3090 dignitate
486 3019 572 3062 nove
603 2999 753 3062 fiduciam
775 3010 872 3082 ponat
893 3002 923 3086 2,
969 3003 1039 3068 122.
1081 3006 1136 3087 23,
1160 3005 1231 3072 452.
1259 3018 1314 3074 aut
1336 3032 1418 3075 mo-

304 3113 378 3178 dum
398 3110 462 3194 ipsi
486 3106 727 3170 convenientem
749 3116 782 3194 et
803 3103 988 3190 dignitatem
1011 3111 1271 3196 transgrediatur·
1285 3117 1333 3193 13,
1356 3119 1416 3186 48.

303 3223 342 3287 si
364 3217 584 3283 celsitudinem
606 3217 699 3298 petis,
730 3235 783 3280 res
814 3220 1107 3298 praestautissimas
1135 3223 1238 3287 facias
1265 3222 1314 3302 16,
1345 3224 1415 3313 92,

303 3336 336 3392 et
358 3327 412 3412 qui
433 3325 596 3410 dignitatis
617 3324 700 3387 altos
724 3324 844 3408 gradus
869 3325 1087 3390 conscendere
1108 3334 1189 3413 vult,
1210 3333 1370 3398 beneficia
1379 3337 1414 3398 in

302 3437 383 3501 alios
406 3435 552 3500 conserat
572 3431 626 3515 23,
647 3430 718 3498 567.
762 3436 912 3500 Potentia
934 3438 996 3499 viri
1017 3438 1046 3500 in
1071 3458 1109 3500 eo
1133 3442 1295 3524 consistit,
1318 3445 1412 3524 quod

300 3545 477 3609 hominibus
499 3560 612 3605 carere
632 3548 740 3620 potest
762 3542 814 3621 18,
840 3543 908 3610 103.
953 3543 1014 3625 Qui
1040 3567 1140 3627 prave
1162 3568 1264 3631 agero
1284 3550 1412 3632 incipit,

302 3650 374 3734 ejus
394 3660 541 3735 potestas
562 3648 744 3713 diminuitur
766 3649 821 3732 24,
844 3651 917 3716 541.

722 3896 840 3997 ΟΛΡ.
876 3900 983 3989 VII.

563 4037 623 4091 lte
642 4035 753 4090 malo
772 4039 817 4090 et
832 4037 1151 4109 calamitatibus.

384 4149 523 4231 Quilibet
545 4169 640 4232 quum
664 4151 816 4232 temporis
838 4155 1110 4220 vicissitudinibus
1125 4161 1166 4222 sit
1178 4132 1348 4241 subjectus
1374 4165 1413 4250 8,

296 4258 346 4325 54.
389 4259 442 4338 23,
462 4259 532 4326 351.
576 4259 629 4342 24,
650 4257 740 4340 360,
771 4281 864 4325 nemo
886 4283 907 4327 a
929 4266 1162 4331 calamitatibus
1185 4287 1322 4334 securus
1351 4285 1415 4338 est
