3082 4942
634 405 840 467 ..75-

182 587 286 649 oonf.
321 585 360 650 Ο.
389 585 440 663 24,
466 557 498 653 2
546 590 597 666 27,
629 585 680 651 50.
739 587 946 670 Singulorum
979 587 1218 668 proverbiorum
1254 589 1285 650 e't

180 712 297 756 sensus
319 703 352 756 et
373 713 453 758 usus
475 696 554 758 ratio
576 695 793 778 grammaticis
814 713 945 775 prorsus
966 696 1129 776 incognita
1156 697 1301 778 mansit„

265 802 294 863 ll
317 818 416 863 sensu
435 821 515 864 vero
536 821 663 884 usuque
680 802 921 884 proverbiorum
945 821 1041 883 quum
1065 801 1168 885 qualis
1190 803 1232 865 sit
1253 814 1286 867 et

182 908 291 990 gentis
311 906 461 990 lconditio
482 918 517 971 et
538 909 653 992 agendi
681 909 908 995 cogitandique
935 912 1027 986 ratio,
1056 918 1285 994 cognoscatur,

186 1024 350 1098 utrumque
372 1020 556 1100 perquirere
579 1037 696 1098 operae
724 1019 859 1099 pretium
894 1019 963 1094 erit,
992 1038 1054 1098 qua
1082 1019 1114 1079 in
1148 1038 1185 1080 re
1219 1026 1286 1080 tum

186 1129 364 1208 argumenti
387 1148 505 1212 magne
526 1129 698 1192 diversitas
731 1137 796 1190 tum
826 1148 928 1190 rerum
961 1145 1080 1210 magna
1107 1129 1197 1209 eopia
1224 1144 1288 1188 non

186 1253 318 1316 parvam
340 1237 492 1299 scribenti
517 1223 695 1315 mole'stiam
718 1235 859 1300 exbibet.
912 1235 1088 1297 Proverbie
1118 1237 1199 1297 enim
1221 1243 1303 1296 tem·

185 1343 347 1405 hominum
371 1363 466 1425 quam
497 1345 676 1407 animalium
705 1363 875 1426 rerumque
901 1345 1010 1406 varios
1041 1353 1145 1406 status
1174 1342 1288 1405 condi-

184 1452 352 1532 tionesque
380 1451 575 1531 describunt,
606 1449 730 1512 leudem
760 1451 1030 1533 vituperiumque,
1062 1454 1164 1514 minas
1193 1458 1288 1532 atque

186 1559 354 1638 promissa,
378 1557 511 1620 consilia
539 1565 573 1618 et
602 1556 855 1638 admonitiones,
876 1557 1035 1636 mandata
1054 1566 1087 1618 et
1113 1557 1291 1634 interdicta,

187 1666 351 1746 opiniones
373 1673 473 1745 etque
495 1671 690 1748 sententies,
712 1673 792 1725 vota
812 1673 845 1725 et
857 1683 948 1748 spes,
969 1665 1206 1742 admirationes,
1231 1667 1291 1727 be-

186 1772 387 1836 nedictiones
411 1782 445 1835 et
463 1773 709 1854 imprecationes
731 1773 901 1836 continent.

200 1919 204 1928 ·
271 1883 302 1944 A
311 1881 498 1963 proverbiis,
509 1879 861 1962 quibusdcscriptiones
872 1879 1114 1960 insunt‚initium
1128 1888 1291 1962 capturus,

186 1992 286 2073 primo
309 1989 381 2052 loco
403 1990 573 2071 proverbia
594 2009 688 2070 pono,
713 2007 798 2070 quae
821 1990 861 2050 ab
884 1989 991 2051 indole
1007 1990 1113 2050 aliave
1129 2009 1163 2049 re
1178 1989 1292 2070 mojori

186 2097 288 2184 gradu
309 2099 427 2160 tributa
452 2097 597 2159 derivata
616 2095 743 2170 sunt.*)
786 2097 924 2159 Primum
942 2098 1038 2180 igitur
1054 2096 1095 2158 de
1105 2099 1292 2166 animalibus

186 2215 250 2269 tam
272 2207 449 2268 hominibus
470 2223 564 2286 quam
580 2205 694 2266 bestiis
709 2222 816 2265 sermo
831 2205 883 2281 sit,
904 2213 970 2267 tum
987 2204 1027 2266 de
1040 2205 1121 2269 locis
1132 2206 1292 2289 rebusque

188 2323 222 2375 et
242 2314 379 2395 denique
399 2313 439 2375 de
452 2315 632 2376 actionibus
656 2312 962 2395 conditionibusque.
1005 2317 1036 2378 A
1052 2333 1185 2396 corpore
1208 2317 1291 2379 inci-

188 2423 313 2501 pientes
337 2421 377 2483 ad
399 2423 535 2485 animum
559 2423 733 2485 transimus
756 2432 789 2485 et
811 2425 842 2485 in
862 2423 980 2508 agendi
1000 2425 1123 2487 ratione
1144 2423 1281 2488 linimus¹

597 2610 748 2713 Scol.
779 2626 820 2714 1.
845 2595 852 2606 ¹

371 2769 652 2841 Proverbla
674 2769 1092 2853 describentis&

655 2930 767 3026 One.
798 2931 842 3022 Ι.
948 2995 950 3002 ,

191 3087 433 3159 mombis,
449 3087 495 3144 ln
508 3089 660 3158 qulbus
676 3089 851 3161 indoles,
869 3057 1064 3160 eomdltlo,
1082 3091 1191 3147 aetio
1208 3107 1295 3148 mo-

373 3177 462 3247 jori
480 3182 613 3246 gradu
631 3181 791 3282 tributae
808 3181 1018 3252 uenerrpra
1035 3187 1109 3239 eut.

280 3291 313 3378 §.
341 3297 369 3360 1.
400 3297 457 3358 De
486 3299 731 3365 animalibus.
784 3305 819 3376 a)
849 3300 1009 3364 lulloles
1040 3304 1223 3384 corporis
1257 3313 1296 3367 et

191 3400 398 3474 errimi.***)
443 3399 563 3464 Gravis
586 3407 690 3486 eapite
711 3405 742 3482 4,
762 3404 832 3484 los
854 3407 1054 3487 loviscapite
1071 3408 1188 3487 7‚108.
1209 3410 1295 3490 109.;

215 3597 245 3655 t)
266 3593 434 3661 Quamquam
453 3597 519 3650 illae
537 3596 644 3648 indoles
662 3600 689 3648 ei
703 3609 747 3648 res
754 3592 813 3660 jam
833 3567 915 3661 supin
928 3602 1103 3652 enumeratae
1113 3607 1187 3670 sunt,
1205 3606 1295 3658 tamen

275 3685 402 3750 repetitio
419 3686 471 3736 boo
489 3685 554 3735 loeo
571 3686 668 3736 evltari
686 3699 742 3737 non
759 3691 856 3754 potuit,
880 3701 932 3754 quo
949 3687 1049 3737 clarius
1068 3693 1251 3751 cognoscatur
1269 3695 1296 3742 et

276 3783 406 3834 quasnam
426 3770 531 3820 indoles
544 3771 626 3820 rebus
645 3777 672 3823 et
690 3787 769 3836 quam
789 3777 903 3828 diversis
921 3776 1002 3824 rebus
1020 3771 1131 3823 eaedem
1144 3775 1296 3826 indolescit

277 3855 411 3906 :trabibus
423 3851 593 3918 adjudicatae
611 3858 674 3907 sint·

209 3945 259 4012 M)
277 3949 308 3996 ln
332 3945 511 4010 descriptione
533 3947 667 3999 interdum
691 3951 739 4000 ant
761 3948 868 4001 leudem
891 3955 939 4002 aut
956 3952 1120 4016 vituperium
1138 3964 1200 4002 esse
1217 3963 1297 4002 neruo

164 4033 186 4088 ¹,
278 4041 332 4084 nou
351 4027 458 4082 videbit.

193 4121 262 4186 err)
281 4119 395 4184 sonitu,
414 4125 443 4170 ut
460 4120 566 4171 indoles
585 4121 666 4174 enimi
683 4119 798 4188 ejusque
815 4125 934 4178 conditio
954 4130 982 4178 et
998 4131 1086 4179 status
1100 4134 1177 4180 arcte
1196 4131 1298 4180 colme-

278 4208 357 4254 reant
375 4205 403 4254 et
420 4204 528 4256 difficile
545 4203 751 4270 distinguantur.
793 4206 872 4274 Quod
891 4211 937 4261 unt
958 4209 1061 4262 indoles
1081 4213 1162 4264 enimi
1179 4214 1297 4276 videtur,

278 4284 303 4336 lt
319 4287 378 4338 teri
395 4292 495 4352 potest,
513 4295 543 4339 ut
560 4291 640 4341 alteri
658 4294 775 4343 conditio
793 4299 821 4345 et
838 4301 925 4345 status
942 4295 985 4347 sit.
