3082 4942
542 398 770 462 -157-

137 590 240 652 omnis
262 587 343 650 enim
365 593 429 666 res,
451 601 535 665 quae
556 583 671 646 mutari
691 581 809 665 nequit,
836 581 994 662 patienter
1023 580 1155 642 ferenda
1182 588 1236 642 est
1347 584 1351 592 '

138 696 170 778 6,
192 694 243 762 60.
287 694 446 756 Patientia
468 699 517 754 εει
539 691 642 753 clavis
663 687 774 773 gaudd
799 689 851 772 14,
876 688 944 752 131.
994 686 1059 766 Qui
1082 689 1121 750 ob
1151 686 1235 750 moi-

132 802 230 866 iitiem
260 819 441 864 aerumnam
471 800 630 881 patienter
662 817 724 860 non
752 798 832 877 fert,
855 797 1015 878 vituperio
1044 805 1096 859 εει
1117 795 1233 880 dignus

28 971 31 978 ,
138 909 197 986 19,
218 908 269 976 36,
283 967 286 972 ,
299 917 331 972 ει
353 908 405 989 qui
426 927 561 990 parvum
582 907 667 969 ferre
688 927 750 969 non
770 895 844 970 “vnit
865 909 991 983 malnm,
1023 905 1128 986 majus
1153 905 1237 966 serre

136 1017 232 1080 debet
253 1016 304 1093 24,
321 1013 393 1081 456.
414 1015 574 1078 Patientia
596 1022 647 1077 est
674 1016 826 1096 optimum
849 1023 962 1076 contra
988 1013 1153 1076 molestias
1182 1032 1238 1074 re-

134 1124 271 1187 medium
289 1123 332 1206 ’1,
361 1122 437 1206 457,
484 1123 535 1208 13,
565 1123 615 1188 40.
651 1133 685 1185 ει
712 1125 743 1188 iu
773 1125 1007 1188 calamitatibus
1050 1121 1234 1204 reparandis

137 1231 300 1316 diligentia
318 1231 496 1296 adhibenda
517 1239 568 1295 εει
589 1231 620 1316 2,
641 1221 696 1298 97.Ι

526 1486 643 1577 Cur.
683 1490 822 1580 VIII.

318 1646 379 1700 ne
397 1649 594 1702 contento
612 1646 754 1703 amima
773 1653 815 1704 οι
833 1607 1045 1706 aviditate.

222 1760 387 1841 Sapientis
409 1767 459 1822 est
480 1778 583 1841 pauco
604 1769 788 1825 contentum
811 1782 884 1826 esse
906 1774 939 1826 et
960 1783 1040 1845 opes
1062 1784 1124 1825 non
1147 1765 1239 1827 colii-

138 1884 218 1952 gere
242 1865 272 1944 6,
295 1866 388 1952 1443
411 1887 600 1950 namsquum
623 1868 772 1932 mundum
794 1871 933 1934 relicturi
949 1874 1069 1954 simus,
1093 1883 1239 1952 nonest,

94 1979 95 1994 ¹
139 1991 198 2040 cur
231 1993 348 2057 magna
378 1976 418 2038 ob
453 1994 508 2038 res
537 1975 714 2040 mundanas
736 1979 862 2042 tristitia
884 1979 1069 2042 adiiciamur
1091 1981 1142 2062 27,
1171 1979 1237 2045 137.

138 2083 249 2149 Pauca
293 2095 463 2149 contentos
495 2105 570 2149 esse
601 2087 755 2150 debemus
786 2091 804 2152 7
807 2135 821 2166 ,
847 2089 874 2153 1.
902 2089 954 2156 88.
998 2088 1143 2172 10,160.
1189 2090 1241 2175 13,

141 2192 183 2260 30
214 2201 247 2256 et
274 2195 369 2258 rebus
398 2196 593 2258 necessariis
621 2193 662 2279 6,
692 2195 738 2263 19.
767 2195 816 2262 20.
825 2212 835 2276 3
856 2215 916 2259 neo
942 2217 1004 2260 non
1025 2208 1116 2280 parte
1138 2215 1244 2282 rerum

141 2303 395 2366 necessariarum
432 2304 489 2380 21,
522 2301 592 2386 15.,
614 2305 643 2366 εἰ
664 2311 764 2367 totum
787 2323 987 2388 magnasque
1010 2325 1064 2366 ros
1087 2303 1245 2387 consequi

142 2429 205 2472 non
237 2426 410 2491 possumus
438 2410 477 2494 4,
504 2415 534 2476 2.
584 2411 623 2493 5,
650 2410 699 2475 42.
744 2412 793 2494 10,
828 2409 877 2477 69.
900 2411 952 2478 94.
1006 2411 1247 2490 Quiesoendnm

144 2517 236 2578 nobis
265 2524 332 2591 est,
363 2516 391 2576 si
414 2515 587 2598 adtigimus
609 2517 695 2597 quod
716 2518 808 2579 nobis
831 2538 912 2599 opus
934 2525 985 2580 est
1007 2518 1058 2595 23,
1082 2518 1152 2584 101.
1176 2513 1249 2583 259.

143 2623 196 2707 24,
218 2621 289 2703 96.;
311 2631 344 2686 et
365 2624 393 2685 si
413 2623 521 2703 rebus,
547 2641 627 2703 quas
648 2625 701 2685 alii
722 2623 897 2704 possident,
920 2626 1013 2706 potiri
1033 2646 1095 2688 non
1125 2644 1248 2708 possu-

145 2751 226 2810 mus,
246 2733 295 2794 eis
317 2732 388 2811 frui,
412 2749 494 2812 quas
513 2729 718 2812 possidemus
743 2734 771 2812 l,
795 2730 867 2797 402.
879 2734 963 2794 conf.
985 2731 1039 2808 24,
1060 2731 1152 2814 389,
1175 2754 1248 2797 nam
1286 2735 1289 2742 '

146 2843 200 2923 qni
232 2842 314 2905 satis
336 2841 458 2905 habens
486 2839 609 2923 majora
638 2842 729 2924 petit,
758 2841 789 2902 in
817 2858 870 2901 res
901 2841 1045 2923 ingratas
1071 2841 1180 2904 incidit
1199 2841 1250 2923 18,

148 2944 219 3011 203.
273 2944 331 3023 24,
359 2945 429 3011 373.
482 2947 536 3010 Νε
570 2947 672 3011 tristis
701 2947 749 3009 sis
770 2948 809 3009 ob
831 2966 910 3023 rem,
933 2965 1016 3028 quae
1038 2956 1071 3009 te
1091 2947 1175 3030 sugit
1195 2945 1247 3023 23,

147 3052 221 3118 477.
270 3055 330 3139 24,
352 3052 404 3120 85.
433 3055 513 3117 conf
539 3054 581 3121 24
589 3100 600 3136 ,
629 3055 725 3130 357,
748 3055 923 3138 praeoique
945 3057 973 3118 si
995 3056 1027 3117 in
1043 3055 1090 3118 'ea
1111 3054 1152 3116 nii
1173 3053 1248 3114 boni

147 3167 199 3224 est
218 3161 276 3236 23,
296 3160 347 3228 50.
386 3172 441 3227 ant
460 3165 502 3226 ob
523 3181 576 3226 res
596 3173 692 3228 antea
714 3165 863 3240 amissas,
887 3183 969 3247 quae
989 3163 1171 3244 recuperari
1188 3181 1252 3224 non

147 3273 285 3348 possunt
304 3270 335 3347 3,
359 3267 428 3332 135.
477 3271 513 3330 In
534 3271 748 3334 incolumitate
773 3289 848 3333 cum
868 3271 957 3333 victu
978 3271 1159 3334 sufficiente
1168 3270 1252 3333 bona

149 3377 287 3442 hominis
307 3393 380 3438 sors
401 3386 452 3440 est
472 3377 526 3458 25,
549 3377 619 3442 163.
662 3379 851 3443 Cavendum
867 3387 931 3459 est,
952 3399 992 3440 ne
1003 3400 1070 3442 rem
1082 3379 1254 3443 absurdam

149 3494 184 3550 et
205 3484 433 3567 impossibilem
456 3494 604 3566 optemus
634 3486 692 3561 13,
719 3483 750 3548 6.
800 3485 852 3560 21,
882 3485 967 3568 117,
1000 3495 1033 3548 ει
1053 3487 1149 3548 rebus
1169 3504 1253 3568 quas

152 3605 384 3680 optaveramus
416 3595 518 3679 potiti,
554 3595 693 3657 contenti
721 3611 797 3662 esse
824 3591 980 3655 debemus
1006 3593 1056 3675 18,
1090 3591 1159 3659 169.
1202 3592 1256 3672 28,

152 3707 204 3774 90.
247 3705 408 3769 stultitiae
424 3713 476 3768 est
497 3702 707 3785 tribuendum,
729 3702 758 3764 si
777 3701 850 3784 quis
871 3720 949 3782 rem,
972 3718 1067 3782 quam
1096 3701 1257 3785 possidet,

155 3812 412 3898 0110122120.
457 3812 639 3876 Contentus
659 3810 784 3873 animus
811 3808 993 3874 divitiarum
1029 3812 1136 3873 locum
1168 3813 1258 3871 tenet
1357 3817 1359 3822 '

156 3924 186 3999 7,
209 3924 260 3991 55.
302 3925 355 4009 24,
378 3924 448 3992 305.
493 3923 561 3989 Sed
585 3923 639 4006 qui
659 3929 830 3985 contentus
854 3930 905 3984 est
919 3921 1161 4004 sordidavictu,
1184 3919 1258 3982 dum

156 4032 318 4096 meliorem
340 4033 535 4114 sibiparare
556 4030 823 4113 potest,1audem
845 4049 907 4092 non
930 4041 1069 4093 meretur
1096 4029 1143 4110 18,
1165 4027 1214 4092 20.

244 4141 393 4204 Aviditas
423 4149 473 4203 ost
501 4141 682 4223 periculosa
712 4145 750 4222 1,
780 4139 809 4206 6.
844 4138 892 4206 16.
922 4148 956 4201 ει
990 4137 1200 4220 vituperanda
1227 4133 1259 4218 5,
1376 4129 1380 4142 ⁸

161 4247 213 4315 97.
257 4251 306 4328 11,
327 4253 377 4320 20.
409 4263 441 4316 ει
465 4253 680 4318 frustrationis
702 4253 827 4317 ductrix
847 4251 878 4326 6,
915 4253 984 4318 134.
1010 4249 1081 4318 246.
1132 4247 1262 4316 Avidus
1325 4248 1329 4256 '
