3114 4936
712 371 937 436 ..153-

278 581 331 663 qui
353 594 391 639 eo
415 578 586 636 contentus
605 585 667 627 non
690 515 860 645 est,⁸quod
883 554 1029 638 possidet
1051 552 1106 633 23,
1128 549 1220 630 134,
1255 565 1373 610 noxam

277 685 336 749 sibi
356 688 446 763 parat
477 675 529 757 15,
561 671 622 753 16,
654 673 684 733 in
706 687 759 730 res
783 675 893 746 turpes
915 661 1024 724 incidit
1045 660 1096 739 22,
1120 657 1170 723 33.
1205 665 1238 718 et
1274 655 1378 716 inter-

277 790 351 853 dum
373 785 455 868 perit
475 782 527 857 21,
547 778 596 843 82.
642 774 749 838 Avido
771 781 878 835 autem
900 787 953 831 res
973 766 1013 831 ad
1043 767 1142 828 vitam
1173 753 1381 825 neocesariae

277 918 339 960 non
361 899 514 976 augentur
536 886 585 960 23,
609 881 680 949 536.

724 1191 848 1281 Sect.
888 1189 932 1276 5.

421 1369 501 1438 lle
522 1355 704 1448 agend!
727 1351 921 1426 ratlonc
944 1364 1066 1434 erga
1088 1343 1229 1416 allos.

737 1545 848 1635 Gne.
879 1543 921 1630 1.

427 1715 662 1787 Praecipua
681 1724 782 1780 erga
799 1710 907 1765 altos
925 1702 1077 1772 utendi
1095 1711 1233 1757 cauea.

363 1843 529 1906 Sinccrum
552 1839 682 1914 praesta
702 1845 841 1891 amorem
854 1818 1262 1900 Mohammedano,bonam
1283 1824 1381 1878 natu-

284 1967 352 2010 ram
370 1943 511 2024 improbo
524 1941 553 2015 7,
564 1936 614 2002 89.
637 1936 683 1998 se
694 1932 825 2015 pulchro
849 1921 1386 2012 gerercpulchritndinipraeferen-

287 2055 363 2116 dum
386 2058 438 2111 est
458 2048 488 2124 3,
514 2045 581 2110 188.
624 2044 713 2104 Bene
734 2045 842 2100 antem
863 2054 946 2119 agas
967 2053 1046 2117 arga
1066 2033 1220 2115 homines,
1242 2036 1278 2091 ut
1300 2047 1382 2108 erga

280 2171 312 2223 te
334 2162 416 2222 banc
438 2162 537 2236 agant
559 2150 612 2231 26,
634 2148 703 2228 31.;
725 2164 798 2206 nam
820 2151 855 2206 ut
877 2145 947 2204 aliia
967 2143 1059 2219 facis,
1084 2142 1133 2203 sic
1161 2140 1213 2202 alii
1243 2138 1383 2206 tibiffa-

281 2272 367 2332 oiont
388 2265 437 2339 22,
464 2261 534 2327 113.
577 2257 639 2336 Qui
662 2254 742 2335 vult,
764 2261 798 2314 ut
819 2251 873 2315 alii
894 2251 956 2332 ipsi
978 2249 1173 2332 diligentiam
1199 2246 1380 2324 adhibeant,

278 2379 367 2461 prins
397 2370 427 2436 id
457 2370 555 2435 saciat
580 2367 621 2448 5,
652 2361 724 2441 92.;
753 2379 825 2422 nam
855 2360 909 2440 qui
939 2375 1019 2438 erga
1049 2356 1194 2418 homines
1221 2373 1323 2436 prave
1344 2370 1383 2414 se

283 2487 376 2569 gerit,
398 2499 478 2563 erga
500 2496 571 2539 eum
595 2472 708 2535 eodem
729 2469 824 2534 modo
847 2474 946 2550 agent
972 2464 1023 2540 24,
1050 2463 1119 2528 312.
1149 2460 1221 2527 357.
1270 2460 1403 2523 erosis:

235 2631 239 2642 ·
279 2598 374 2653 antea
389 2588 478 2650 socio
502 2589 672 2665 parum‚ut
691 2587 807 2661 postca
828 2573 941 2656 majori
962 2568 1129 2634 commodo
1139 2569 1195 2630 tibi
1217 2568 1302 2650 snt,
1315 2562 1384 2631 144.

723 2865 833 2955 Cn.
863 2861 934 2947 11.

555 3015 615 3087 no
632 3027 791 3083 auxnno
809 3025 906 3081 anu
924 3022 1113 3079 terendo.

362 3159 507 3218 Mutuum
531 3149 611 3211 inter
632 3146 778 3208 hominos
801 3144 954 3208 auxilium
977 3139 1217 3205 commendatur
1239 3137 1296 3212 20,
1327 3135 1378 3196 22.

283 3266 334 3346 27,
361 3259 446 3338 134,
480 3276 552 3320 nam
574 3256 673 3317 frater
704 3251 919 3316 consolandus
941 3259 993 3314 est
1016 3249 1064 3326 16,
1088 3247 1117 3314 9.
1172 3245 1336 3309 Auxilium
1356 3244 1387 3305 ei

278 3371 384 3451 feras,
416 3366 469 3449 qni
500 3365 544 3427 nei
578 3359 792 3445 perficiendae
823 3360 862 3422 ob
885 3359 998 3421 virium
1024 3357 1187 3418 defectum
1207 3355 1311 3434 impar
1333 3359 1384 3414 est

281 3480 329 3554 10,
354 3477 403 3544 98.
446 3477 497 3537 Da
518 3472 634 3534 homini
658 3469 776 3532 dolenti
797 3487 862 3529 rem
885 3465 1109 3540 necessariam,
1131 3471 1166 3525 nt
1187 3459 1386 3543 tranquiline,

278 3585 320 3647 sit
342 3584 392 3666 10,
415 3581 465 3648 29.
507 3582 589 3642 Eum
624 3577 780 3658 adjuves,
813 3577 866 3658 qui
895 3576 951 3638 tibi
982 3574 1065 3636 utilis
1096 3591 1172 3634 esse
1201 3576 1309 3652 potest
1333 3557 1410 3642 13,'

280 3691 339 3774 16,
369 3699 403 3752 ut
424 3690 477 3752 tibi
500 3707 627 3770 quoque
649 3687 766 3748 auxilio
788 3684 883 3770 sitii,
909 3683 957 3749 14.
1003 3683 1052 3764 15,
1078 3681 1126 3748 18.
1147 3673 1382 3763 22,121.;sed

282 3813 373 3882 turpe
396 3807 448 3862 est
468 3796 590 3858 nonnisi
614 3795 732 3857 tamdiu
754 3795 902 3857 auxilium
932 3794 1025 3868 leue,
1058 3791 1208 3874 quamdiu
1239 3783 1385 3850 seotmda

278 3912 405 3976 fortuna
428 3905 500 3988 quia
523 3904 621 3965 utitur
640 3902 695 3982 28,
718 3903 766 3966 27.
820 3900 987 3964 Desiderio
1023 3919 1114 3981 opem
1145 3897 1290 3980 rogantis
1323 3913 1383 3956 sa-

279 4017 386 4098 tissac,
410 4021 580 4092 antequam
603 4009 753 4072 auxilium
778 4017 866 4070 tuum
891 4008 1072 4089 imploravit
1093 4004 1146 4084 23,
1170 4005 1241 4070 371.
1286 4002 1379 4066 Con·

277 4125 379 4188 silium
415 4119 587 4182 occasione
623 4118 733 4197 elapsa
763 4114 870 4176 datum
899 4116 984 4178 nihili
1006 4123 1056 4177 est
1079 4113 1128 4198 13,
1151 4113 1181 4179 5.
1225 4110 1381 4178 simodo

277 4231 421 4316 perlecto
444 4225 600 4307 adjuvare
623 4243 683 4286 non
706 4233 809 4304 potes,
834 4225 939 4307 aliquo
964 4225 1059 4287 modo
1086 4221 1205 4304 adjuva
1229 4221 1265 4303 1,
1294 4220 1381 4301 395.;
