<?xml version="1.0" encoding="UTF-8"?>
<!DOCTYPE html PUBLIC "-//W3C//DTD XHTML 1.0 Transitional//EN"
    "http://www.w3.org/TR/xhtml1/DTD/xhtml1-transitional.dtd">
<html xmlns="http://www.w3.org/1999/xhtml" xml:lang="en" lang="en">
 <head>
  <title>
</title>
<meta http-equiv="Content-Type" content="text/html;charset=utf-8" />
  <meta name='ocr-system' content='tesseract 3.04.00' />
  <meta name='ocr-capabilities' content='ocr_page ocr_carea ocr_par ocr_line ocrx_word'/>
</head>
<body>
  <div class='ocr_page' id='page_1' title='image "./arabumproverbia03alfgoog_0139.png"; bbox 0 0 3082 4942; ppageno 0'>
   <div class='ocr_carea' id='block_1_1' title="bbox 719 373 944 438">
    <p class='ocr_par' dir='ltr' id='par_1_1' title="bbox 719 373 944 438">
     <span class='ocr_line' id='line_1_1' title="bbox 719 373 944 438; baseline -0.027 -16"><span class='ocrx_word' id='word_1_1' title='bbox 719 373 944 438; x_wconf 66' lang='lat'>..124-</span> 
     </span>
    </p>
   </div>
   <div class='ocr_carea' id='block_1_2' title="bbox 236 549 1415 4318">
    <p class='ocr_par' dir='ltr' id='par_1_2' title="bbox 236 549 1415 2678">
     <span class='ocr_line' id='line_1_2' title="bbox 282 549 1389 649; baseline -0.021 -13"><span class='ocrx_word' id='word_1_2' title='bbox 282 578 334 636; x_wconf 84' lang='lat' dir='ltr'><strong>est</strong></span> <span class='ocrx_word' id='word_1_3' title='bbox 368 567 415 649; x_wconf 89' lang='grc'><strong>18,</strong></span> <span class='ocrx_word' id='word_1_4' title='bbox 451 567 535 647; x_wconf 82' lang='grc'>1265</span> <span class='ocrx_word' id='word_1_5' title='bbox 575 575 681 630; x_wconf 88' lang='lat' dir='ltr'><strong>metus</strong></span> <span class='ocrx_word' id='word_1_6' title='bbox 716 561 757 626; x_wconf 92' lang='lat' dir='ltr'><strong>ad</strong></span> <span class='ocrx_word' id='word_1_7' title='bbox 786 557 1005 624; x_wconf 88' lang='lat' dir='ltr'><strong>reminvitam</strong></span> <span class='ocrx_word' id='word_1_8' title='bbox 1030 549 1389 636; x_wconf 82' lang='lat' dir='ltr'><strong>eogit16‚17·3qnod</strong></span> 
     </span>
     <span class='ocr_line' id='line_1_3' title="bbox 282 657 1390 751; baseline -0.019 -8"><span class='ocrx_word' id='word_1_9' title='bbox 282 697 344 743; x_wconf 86' lang='lat' dir='ltr'><strong>nos</strong></span> <span class='ocrx_word' id='word_1_10' title='bbox 376 683 522 740; x_wconf 88' lang='lat' dir='ltr'><strong>metuunt</strong></span> <span class='ocrx_word' id='word_1_11' title='bbox 553 673 668 736; x_wconf 84' lang='lat' dir='ltr'><strong>metius</strong></span> <span class='ocrx_word' id='word_1_12' title='bbox 701 677 772 751; x_wconf 99' lang='grc' dir='ltr'><strong>εει,</strong></span> <span class='ocrx_word' id='word_1_13' title='bbox 806 683 900 748; x_wconf 88' lang='lat' dir='ltr'><strong>quam</strong></span> <span class='ocrx_word' id='word_1_14' title='bbox 930 661 1014 746; x_wconf 92' lang='lat' dir='ltr'><strong>qnod</strong></span> <span class='ocrx_word' id='word_1_15' title='bbox 1035 677 1094 722; x_wconf 87' lang='lat' dir='ltr'><strong>nos</strong></span> <span class='ocrx_word' id='word_1_16' title='bbox 1116 666 1224 723; x_wconf 85' lang='lat' dir='ltr'><strong>amant</strong></span> <span class='ocrx_word' id='word_1_17' title='bbox 1248 657 1297 734; x_wconf 89' lang='lat'><strong>10,</strong></span> <span class='ocrx_word' id='word_1_18' title='bbox 1318 657 1390 739; x_wconf 87' lang='lat'><strong>57.;</strong></span> 
     </span>
     <span class='ocr_line' id='line_1_4' title="bbox 284 763 1389 872; baseline -0.021 -20"><span class='ocrx_word' id='word_1_19' title='bbox 284 786 369 872; x_wconf 85' lang='lat' dir='ltr'><strong>quod</strong></span> <span class='ocrx_word' id='word_1_20' title='bbox 389 803 450 848; x_wconf 91' lang='lat' dir='ltr'><strong>nos</strong></span> <span class='ocrx_word' id='word_1_21' title='bbox 471 789 630 857; x_wconf 88' lang='lat' dir='ltr'><strong>metuunt,</strong></span> <span class='ocrx_word' id='word_1_22' title='bbox 654 779 767 840; x_wconf 85' lang='lat' dir='ltr'><strong>metius</strong></span> <span class='ocrx_word' id='word_1_23' title='bbox 798 784 859 849; x_wconf 84' lang='lat' dir='ltr'><strong>est,</strong></span> <span class='ocrx_word' id='word_1_24' title='bbox 897 789 991 852; x_wconf 89' lang='lat' dir='ltr'><strong>quam</strong></span> <span class='ocrx_word' id='word_1_25' title='bbox 1019 766 1104 850; x_wconf 90' lang='lat' dir='ltr'><strong>quod</strong></span> <span class='ocrx_word' id='word_1_26' title='bbox 1136 763 1389 829; x_wconf 75' lang='lat' dir='ltr'><strong>misericordiam</strong></span> 
     </span>
     <span class='ocr_line' id='line_1_5' title="bbox 286 874 1389 977; baseline -0.022 -15"><span class='ocrx_word' id='word_1_27' title='bbox 286 899 379 962; x_wconf 86' lang='lat' dir='ltr'><strong>nobis</strong></span> <span class='ocrx_word' id='word_1_28' title='bbox 400 893 583 977; x_wconf 89' lang='lat' dir='ltr'><strong>impertiunt</strong></span> <span class='ocrx_word' id='word_1_29' title='bbox 605 889 653 964; x_wconf 86' lang='lat'><strong>10,</strong></span> <span class='ocrx_word' id='word_1_30' title='bbox 675 885 723 966; x_wconf 83' lang='grc'><strong>85</strong></span> <span class='ocrx_word' id='word_1_31' title='bbox 768 881 942 967; x_wconf 78' lang='lat' dir='ltr'>pertinacia</span> <span class='ocrx_word' id='word_1_32' title='bbox 964 887 1029 940; x_wconf 91' lang='lat' dir='ltr'><strong>turn</strong></span> <span class='ocrx_word' id='word_1_33' title='bbox 1052 889 1145 941; x_wconf 90' lang='lat' dir='ltr'><strong>nooet</strong></span> <span class='ocrx_word' id='word_1_34' title='bbox 1167 886 1233 939; x_wconf 87' lang='lat' dir='ltr'><strong>turn</strong></span> <span class='ocrx_word' id='word_1_35' title='bbox 1254 874 1389 958; x_wconf 89' lang='lat' dir='ltr'><strong>prodest</strong></span> 
     </span>
     <span class='ocr_line' id='line_1_6' title="bbox 286 983 1391 1083; baseline -0.021 -11"><span class='ocrx_word' id='word_1_36' title='bbox 286 1005 338 1083; x_wconf 79' lang='grc'>24,</span> <span class='ocrx_word' id='word_1_37' title='bbox 376 1000 464 1080; x_wconf 81' lang='grc'>3165</span> <span class='ocrx_word' id='word_1_38' title='bbox 494 1016 584 1062; x_wconf 86' lang='lat' dir='ltr'><strong>arnor</strong></span> <span class='ocrx_word' id='word_1_39' title='bbox 618 993 738 1075; x_wconf 82' lang='lat' dir='ltr'><strong>effioit,</strong></span> <span class='ocrx_word' id='word_1_40' title='bbox 768 998 803 1052; x_wconf 91' lang='lat' dir='ltr'><strong>ut</strong></span> <span class='ocrx_word' id='word_1_41' title='bbox 830 986 997 1052; x_wconf 87' lang='lat' dir='ltr'><strong>molestias</strong></span> <span class='ocrx_word' id='word_1_42' title='bbox 1018 985 1219 1067; x_wconf 81' lang='lat' dir='ltr'><strong>perferamus</strong></span> <span class='ocrx_word' id='word_1_43' title='bbox 1243 990 1278 1065; x_wconf 77' lang='lat'><strong>1,</strong></span> <span class='ocrx_word' id='word_1_44' title='bbox 1295 983 1391 1063; x_wconf 80' lang='grc'>2035</span> 
     </span>
     <span class='ocr_line' id='line_1_7' title="bbox 287 1091 1394 1177; baseline -0.023 1"><span class='ocrx_word' id='word_1_45' title='bbox 287 1117 319 1177; x_wconf 90' lang='lat' dir='ltr'><strong>in</strong></span> <span class='ocrx_word' id='word_1_46' title='bbox 341 1130 451 1176; x_wconf 80' lang='lat' dir='ltr'><strong>amore</strong></span> <span class='ocrx_word' id='word_1_47' title='bbox 472 1105 639 1171; x_wconf 87' lang='lat' dir='ltr'><strong>eonsilium</strong></span> <span class='ocrx_word' id='word_1_48' title='bbox 662 1117 724 1162; x_wconf 91' lang='lat' dir='ltr'><strong>non</strong></span> <span class='ocrx_word' id='word_1_49' title='bbox 747 1108 798 1162; x_wconf 90' lang='lat' dir='ltr'><strong>est</strong></span> <span class='ocrx_word' id='word_1_50' title='bbox 818 1097 870 1176; x_wconf 88' lang='grc'>23,</span> <span class='ocrx_word' id='word_1_51' title='bbox 893 1095 980 1175; x_wconf 82' lang='grc'>5285</span> <span class='ocrx_word' id='word_1_52' title='bbox 1001 1097 1032 1156; x_wconf 83' lang='lat' dir='ltr'><strong>iu</strong></span> <span class='ocrx_word' id='word_1_53' title='bbox 1055 1113 1174 1171; x_wconf 90' lang='lat' dir='ltr'><strong>amore,</strong></span> <span class='ocrx_word' id='word_1_54' title='bbox 1195 1094 1249 1176; x_wconf 90' lang='lat' dir='ltr'><strong>qui</strong></span> <span class='ocrx_word' id='word_1_55' title='bbox 1267 1112 1325 1173; x_wconf 91' lang='lat' dir='ltr'><strong>per</strong></span> <span class='ocrx_word' id='word_1_56' title='bbox 1338 1091 1394 1154; x_wconf 90' lang='lat' dir='ltr'><strong>in-</strong></span> 
     </span>
     <span class='ocr_line' id='line_1_8' title="bbox 287 1198 1396 1286; baseline -0.021 -3"><span class='ocrx_word' id='word_1_57' title='bbox 287 1217 507 1284; x_wconf 81' lang='lat' dir='ltr'><strong>tercedentem</strong></span> <span class='ocrx_word' id='word_1_58' title='bbox 535 1213 650 1286; x_wconf 89' lang='lat' dir='ltr'><strong>oritur,</strong></span> <span class='ocrx_word' id='word_1_59' title='bbox 684 1207 727 1269; x_wconf 85' lang='lat' dir='ltr'><strong>nil</strong></span> <span class='ocrx_word' id='word_1_60' title='bbox 757 1205 833 1268; x_wconf 87' lang='lat' dir='ltr'><strong>boni</strong></span> <span class='ocrx_word' id='word_1_61' title='bbox 860 1212 912 1267; x_wconf 91' lang='lat' dir='ltr'><strong>est</strong></span> <span class='ocrx_word' id='word_1_62' title='bbox 940 1201 999 1278; x_wconf 87' lang='grc'>23,</span> <span class='ocrx_word' id='word_1_63' title='bbox 1022 1199 1111 1279; x_wconf 85' lang='grc'>5925</span> <span class='ocrx_word' id='word_1_64' title='bbox 1135 1199 1254 1263; x_wconf 88' lang='lat' dir='ltr'><strong>amoris</strong></span> <span class='ocrx_word' id='word_1_65' title='bbox 1279 1198 1396 1262; x_wconf 87' lang='lat' dir='ltr'><strong>ooulus</strong></span> 
     </span>
     <span class='ocr_line' id='line_1_9' title="bbox 289 1306 1395 1398; baseline -0.02 -8"><span class='ocrx_word' id='word_1_66' title='bbox 289 1343 393 1390; x_wconf 86' lang='lat' dir='ltr'><strong>verax</strong></span> <span class='ocrx_word' id='word_1_67' title='bbox 430 1326 569 1384; x_wconf 86' lang='lat' dir='ltr'><strong>nonest</strong></span> <span class='ocrx_word' id='word_1_68' title='bbox 597 1315 656 1398; x_wconf 87' lang='grc'><strong>18,</strong></span> <span class='ocrx_word' id='word_1_69' title='bbox 684 1311 772 1392; x_wconf 86' lang='grc'>2765</span> <span class='ocrx_word' id='word_1_70' title='bbox 800 1330 863 1395; x_wconf 83' lang='lat' dir='ltr'><strong>quo</strong></span> <span class='ocrx_word' id='word_1_71' title='bbox 893 1309 999 1391; x_wconf 85' lang='lat' dir='ltr'><strong>magis</strong></span> <span class='ocrx_word' id='word_1_72' title='bbox 1020 1308 1067 1370; x_wconf 89' lang='lat' dir='ltr'><strong>rei</strong></span> <span class='ocrx_word' id='word_1_73' title='bbox 1088 1306 1186 1369; x_wconf 84' lang='lat' dir='ltr'><strong>dediti</strong></span> <span class='ocrx_word' id='word_1_74' title='bbox 1207 1323 1329 1390; x_wconf 84' lang='lat' dir='ltr'><strong>sumus,</strong></span> <span class='ocrx_word' id='word_1_75' title='bbox 1352 1323 1395 1368; x_wconf 85' lang='lat' dir='ltr'><strong>eo</strong></span> 
     </span>
     <span class='ocr_line' id='line_1_10' title="bbox 288 1413 1397 1515; baseline -0.022 -18"><span class='ocrx_word' id='word_1_76' title='bbox 288 1433 395 1515; x_wconf 82' lang='lat' dir='ltr'><strong>magis</strong></span> <span class='ocrx_word' id='word_1_77' title='bbox 415 1444 486 1492; x_wconf 86' lang='lat' dir='ltr'><strong>eam</strong></span> <span class='ocrx_word' id='word_1_78' title='bbox 507 1427 657 1489; x_wconf 87' lang='lat' dir='ltr'><strong>amittere</strong></span> <span class='ocrx_word' id='word_1_79' title='bbox 674 1421 825 1485; x_wconf 83' lang='lat' dir='ltr'><strong>timemus</strong></span> <span class='ocrx_word' id='word_1_80' title='bbox 847 1417 897 1496; x_wconf 91' lang='grc'><strong>12,</strong></span> <span class='ocrx_word' id='word_1_81' title='bbox 916 1415 987 1494; x_wconf 82' lang='lat'>90.;</span> <span class='ocrx_word' id='word_1_82' title='bbox 1007 1417 1041 1479; x_wconf 90' lang='lat' dir='ltr'><strong>in</strong></span> <span class='ocrx_word' id='word_1_83' title='bbox 1063 1433 1171 1478; x_wconf 86' lang='lat' dir='ltr'><strong>amore</strong></span> <span class='ocrx_word' id='word_1_84' title='bbox 1193 1413 1306 1478; x_wconf 78' lang='lat' dir='ltr'><strong>electio</strong></span> <span class='ocrx_word' id='word_1_85' title='bbox 1329 1429 1397 1474; x_wconf 89' lang='lat' dir='ltr'><strong>non</strong></span> 
     </span>
     <span class='ocr_line' id='line_1_11' title="bbox 290 1515 1395 1619; baseline -0.018 -20"><span class='ocrx_word' id='word_1_86' title='bbox 290 1545 343 1604; x_wconf 86' lang='grc' dir='ltr'><strong>εει</strong></span> <span class='ocrx_word' id='word_1_87' title='bbox 367 1539 396 1619; x_wconf 87' lang='grc'><strong>1,</strong></span> <span class='ocrx_word' id='word_1_88' title='bbox 418 1531 508 1612; x_wconf 78' lang='grc'>4815</span> <span class='ocrx_word' id='word_1_89' title='bbox 530 1529 637 1594; x_wconf 86' lang='lat' dir='ltr'><strong>odium</strong></span> <span class='ocrx_word' id='word_1_90' title='bbox 658 1546 678 1591; x_wconf 89' lang='lat' dir='ltr'><strong>e</strong></span> <span class='ocrx_word' id='word_1_91' title='bbox 699 1543 847 1588; x_wconf 83' lang='lat' dir='ltr'><strong>sermono</strong></span> <span class='ocrx_word' id='word_1_92' title='bbox 864 1531 896 1584; x_wconf 89' lang='lat' dir='ltr'><strong>et</strong></span> <span class='ocrx_word' id='word_1_93' title='bbox 917 1522 1001 1584; x_wconf 78' lang='lat' dir='ltr'><strong>isoio</strong></span> <span class='ocrx_word' id='word_1_94' title='bbox 1022 1520 1232 1604; x_wconf 85' lang='lat' dir='ltr'><strong>eognosoittrr</strong></span> <span class='ocrx_word' id='word_1_95' title='bbox 1256 1515 1306 1599; x_wconf 83' lang='grc'><strong>19,</strong></span> <span class='ocrx_word' id='word_1_96' title='bbox 1325 1516 1395 1599; x_wconf 84' lang='grc'><strong>725</strong></span> 
     </span>
     <span class='ocr_line' id='line_1_12' title="bbox 289 1621 1399 1713; baseline -0.023 -4"><span class='ocrx_word' id='word_1_97' title='bbox 289 1631 399 1710; x_wconf 80' lang='lat' dir='ltr'><strong>odiunt</strong></span> <span class='ocrx_word' id='word_1_98' title='bbox 418 1635 537 1704; x_wconf 87' lang='lat' dir='ltr'><strong>inimioi</strong></span> <span class='ocrx_word' id='word_1_99' title='bbox 559 1653 577 1698; x_wconf 93' lang='grc' dir='ltr'><strong>ε</strong></span> <span class='ocrx_word' id='word_1_100' title='bbox 598 1632 683 1697; x_wconf 78' lang='lat' dir='ltr'><strong>teoto</strong></span> <span class='ocrx_word' id='word_1_101' title='bbox 711 1629 867 1713; x_wconf 76' lang='lat' dir='ltr'><strong>etrgnosoi</strong></span> <span class='ocrx_word' id='word_1_102' title='bbox 887 1633 997 1710; x_wconf 88' lang='lat' dir='ltr'><strong>potest</strong></span> <span class='ocrx_word' id='word_1_103' title='bbox 1014 1622 1066 1709; x_wconf 92' lang='grc'>26,</span> <span class='ocrx_word' id='word_1_104' title='bbox 1090 1621 1157 1704; x_wconf 76' lang='grc'><strong>665</strong></span> <span class='ocrx_word' id='word_1_105' title='bbox 1178 1623 1225 1688; x_wconf 82' lang='lat' dir='ltr'><strong>irs</strong></span> <span class='ocrx_word' id='word_1_106' title='bbox 1252 1623 1399 1686; x_wconf 78' lang='grc' dir='ltr'><strong>ειεεειί-</strong></span> 
     </span>
     <span class='ocr_line' id='line_1_13' title="bbox 291 1731 1399 1824; baseline -0.023 -6"><span class='ocrx_word' id='word_1_107' title='bbox 291 1771 347 1818; x_wconf 86' lang='lat' dir='ltr'><strong>nm</strong></span> <span class='ocrx_word' id='word_1_108' title='bbox 369 1750 434 1814; x_wconf 88' lang='lat' dir='ltr'><strong>oito</strong></span> <span class='ocrx_word' id='word_1_109' title='bbox 455 1752 565 1810; x_wconf 85' lang='lat' dir='ltr'><strong>cessat</strong></span> <span class='ocrx_word' id='word_1_110' title='bbox 587 1739 643 1824; x_wconf 89' lang='grc'><strong>19,</strong></span> <span class='ocrx_word' id='word_1_111' title='bbox 663 1738 732 1819; x_wconf 91' lang='grc'>67.5</span> <span class='ocrx_word' id='word_1_112' title='bbox 756 1739 802 1802; x_wconf 87' lang='lat' dir='ltr'><strong>ira</strong></span> <span class='ocrx_word' id='word_1_113' title='bbox 831 1746 884 1800; x_wconf 88' lang='lat' dir='ltr'><strong>est</strong></span> <span class='ocrx_word' id='word_1_114' title='bbox 911 1736 1079 1810; x_wconf 74' lang='lat' dir='ltr'><strong>indicium,</strong></span> <span class='ocrx_word' id='word_1_115' title='bbox 1112 1731 1196 1814; x_wconf 88' lang='lat' dir='ltr'><strong>quod</strong></span> <span class='ocrx_word' id='word_1_116' title='bbox 1225 1733 1296 1814; x_wconf 86' lang='lat' dir='ltr'><strong>quis</strong></span> <span class='ocrx_word' id='word_1_117' title='bbox 1326 1749 1399 1794; x_wconf 88' lang='lat' dir='ltr'><strong>rem</strong></span> 
     </span>
     <span class='ocr_line' id='line_1_14' title="bbox 289 1835 1402 1942; baseline -0.022 -16"><span class='ocrx_word' id='word_1_118' title='bbox 289 1857 444 1942; x_wconf 86' lang='lat' dir='ltr'><strong>expedire</strong></span> <span class='ocrx_word' id='word_1_119' title='bbox 463 1851 573 1935; x_wconf 87' lang='lat' dir='ltr'><strong>nequit</strong></span> <span class='ocrx_word' id='word_1_120' title='bbox 596 1851 626 1930; x_wconf 91' lang='lat'><strong>1,</strong></span> <span class='ocrx_word' id='word_1_121' title='bbox 646 1845 738 1923; x_wconf 86' lang='grc'>215.5</span> <span class='ocrx_word' id='word_1_122' title='bbox 761 1842 943 1923; x_wconf 72' lang='lat' dir='ltr'><strong>desperatio</strong></span> <span class='ocrx_word' id='word_1_123' title='bbox 965 1859 985 1903; x_wconf 90' lang='lat' dir='ltr'><strong>a</strong></span> <span class='ocrx_word' id='word_1_124' title='bbox 1005 1838 1163 1903; x_wconf 82' lang='lat' dir='ltr'><strong>desiderio</strong></span> <span class='ocrx_word' id='word_1_125' title='bbox 1186 1861 1259 1902; x_wconf 80' lang='lat' dir='ltr'><strong>eum</strong></span> <span class='ocrx_word' id='word_1_126' title='bbox 1278 1835 1402 1904; x_wconf 79' lang='lat' dir='ltr'><strong>retinet</strong></span> 
     </span>
     <span class='ocr_line' id='line_1_15' title="bbox 289 1945 1400 2043; baseline -0.019 -11"><span class='ocrx_word' id='word_1_127' title='bbox 289 1967 341 2041; x_wconf 84' lang='grc'>28,</span> <span class='ocrx_word' id='word_1_128' title='bbox 366 1963 452 2043; x_wconf 69' lang='lat' dir='ltr'><strong>tit-3</strong></span> <span class='ocrx_word' id='word_1_129' title='bbox 474 1961 506 2022; x_wconf 92' lang='lat' dir='ltr'><strong>in</strong></span> <span class='ocrx_word' id='word_1_130' title='bbox 526 1953 647 2020; x_wconf 81' lang='lat' dir='ltr'><strong>invidia</strong></span> <span class='ocrx_word' id='word_1_131' title='bbox 666 1950 777 2016; x_wconf 87' lang='lat' dir='ltr'><strong>invido</strong></span> <span class='ocrx_word' id='word_1_132' title='bbox 797 1950 883 2011; x_wconf 82' lang='lat' dir='ltr'><strong>nulla</strong></span> <span class='ocrx_word' id='word_1_133' title='bbox 904 1957 956 2012; x_wconf 89' lang='grc' dir='ltr'><strong>εει</strong></span> <span class='ocrx_word' id='word_1_134' title='bbox 976 1949 1095 2010; x_wconf 83' lang='lat' dir='ltr'><strong>utilitas</strong></span> <span class='ocrx_word' id='word_1_135' title='bbox 1117 1947 1170 2025; x_wconf 92' lang='grc'>23,</span> <span class='ocrx_word' id='word_1_136' title='bbox 1193 1945 1284 2024; x_wconf 78' lang='grc'>1915</span> <span class='ocrx_word' id='word_1_137' title='bbox 1306 1949 1400 2012; x_wconf 85' lang='lat' dir='ltr'><strong>invi-</strong></span> 
     </span>
     <span class='ocr_line' id='line_1_16' title="bbox 291 2053 1415 2146; baseline -0.02 -7"><span class='ocrx_word' id='word_1_138' title='bbox 291 2073 344 2138; x_wconf 81' lang='lat' dir='ltr'><strong>dia</strong></span> <span class='ocrx_word' id='word_1_139' title='bbox 364 2079 417 2137; x_wconf 88' lang='lat' dir='ltr'><strong>est</strong></span> <span class='ocrx_word' id='word_1_140' title='bbox 437 2067 533 2132; x_wconf 87' lang='lat' dir='ltr'><strong>noxia</strong></span> <span class='ocrx_word' id='word_1_141' title='bbox 556 2065 607 2146; x_wconf 91' lang='grc'><strong>10,</strong></span> <span class='ocrx_word' id='word_1_142' title='bbox 631 2061 720 2141; x_wconf 80' lang='grc'>1425</span> <span class='ocrx_word' id='word_1_143' title='bbox 741 2057 926 2141; x_wconf 88' lang='lat' dir='ltr'><strong>hypoorisis</strong></span> <span class='ocrx_word' id='word_1_144' title='bbox 946 2075 966 2118; x_wconf 91' lang='grc' dir='ltr'><strong>ε</strong></span> <span class='ocrx_word' id='word_1_145' title='bbox 986 2056 1111 2119; x_wconf 88' lang='lat' dir='ltr'><strong>vilitate</strong></span> <span class='ocrx_word' id='word_1_146' title='bbox 1133 2056 1229 2116; x_wconf 87' lang='lat' dir='ltr'><strong>oritur</strong></span> <span class='ocrx_word' id='word_1_147' title='bbox 1238 2053 1291 2136; x_wconf 88' lang='grc'>25,</span> <span class='ocrx_word' id='word_1_148' title='bbox 1316 2055 1415 2138; x_wconf 83' lang='grc' dir='ltr'><strong>158.;Ι</strong></span> 
     </span>
     <span class='ocr_line' id='line_1_17' title="bbox 236 2162 1402 2250; baseline -0.017 -3"><span class='ocrx_word' id='word_1_149' title='bbox 236 2177 240 2188; x_wconf 69' lang='grc'><strong>“</strong></span> <span class='ocrx_word' id='word_1_150' title='bbox 290 2176 491 2246; x_wconf 86' lang='lat' dir='ltr'><strong>eonsuetudo</strong></span> <span class='ocrx_word' id='word_1_151' title='bbox 513 2173 626 2250; x_wconf 77' lang='lat' dir='ltr'><strong>edioit,</strong></span> <span class='ocrx_word' id='word_1_152' title='bbox 655 2180 693 2234; x_wconf 88' lang='lat' dir='ltr'><strong>nt</strong></span> <span class='ocrx_word' id='word_1_153' title='bbox 715 2188 736 2232; x_wconf 91' lang='lat' dir='ltr'><strong>a</strong></span> <span class='ocrx_word' id='word_1_154' title='bbox 760 2187 797 2232; x_wconf 87' lang='lat' dir='ltr'><strong>re</strong></span> <span class='ocrx_word' id='word_1_155' title='bbox 827 2165 951 2248; x_wconf 84' lang='lat' dir='ltr'><strong>ingrata</strong></span> <span class='ocrx_word' id='word_1_156' title='bbox 982 2181 1042 2225; x_wconf 92' lang='lat' dir='ltr'><strong>nos</strong></span> <span class='ocrx_word' id='word_1_157' title='bbox 1072 2180 1226 2245; x_wconf 88' lang='lat' dir='ltr'><strong>separare</strong></span> <span class='ocrx_word' id='word_1_158' title='bbox 1255 2162 1402 2227; x_wconf 85' lang='lat' dir='ltr'><strong>nolimus</strong></span> 
     </span>
     <span class='ocr_line' id='line_1_18' title="bbox 293 2268 1403 2365; baseline -0.031 -9"><span class='ocrx_word' id='word_1_159' title='bbox 293 2287 345 2365; x_wconf 89' lang='grc'><strong>10,</strong></span> <span class='ocrx_word' id='word_1_160' title='bbox 368 2285 456 2364; x_wconf 71' lang='grc'>1175</span> <span class='ocrx_word' id='word_1_161' title='bbox 477 2276 677 2346; x_wconf 78' lang='lat' dir='ltr'><strong>consuetudo</strong></span> <span class='ocrx_word' id='word_1_162' title='bbox 700 2282 752 2338; x_wconf 90' lang='grc' dir='ltr'><strong>εει</strong></span> <span class='ocrx_word' id='word_1_163' title='bbox 773 2280 910 2338; x_wconf 87' lang='lat' dir='ltr'><strong>naturae</strong></span> <span class='ocrx_word' id='word_1_164' title='bbox 932 2289 1025 2334; x_wconf 87' lang='lat' dir='ltr'><strong>soror</strong></span> <span class='ocrx_word' id='word_1_165' title='bbox 1045 2271 1095 2346; x_wconf 90' lang='grc'>28,</span> <span class='ocrx_word' id='word_1_166' title='bbox 1117 2270 1189 2338; x_wconf 88' lang='grc'>288.</span> <span class='ocrx_word' id='word_1_167' title='bbox 1205 2268 1278 2336; x_wconf 82' lang='lat'><strong>290.</strong></span> <span class='ocrx_word' id='word_1_168' title='bbox 1285 2289 1295 2352; x_wconf 92' lang='grc'>5</span> <span class='ocrx_word' id='word_1_169' title='bbox 1315 2288 1403 2333; x_wconf 71' lang='lat' dir='ltr'><strong>oon.</strong></span> 
     </span>
     <span class='ocr_line' id='line_1_19' title="bbox 293 2376 1402 2462; baseline -0.019 -1"><span class='ocrx_word' id='word_1_170' title='bbox 293 2391 473 2460; x_wconf 77' lang='lat' dir='ltr'><strong>suetudinis</strong></span> <span class='ocrx_word' id='word_1_171' title='bbox 493 2387 628 2452; x_wconf 87' lang='lat' dir='ltr'><strong>remotio</strong></span> <span class='ocrx_word' id='word_1_172' title='bbox 649 2382 789 2450; x_wconf 84' lang='lat' dir='ltr'><strong>dittioilis</strong></span> <span class='ocrx_word' id='word_1_173' title='bbox 809 2389 862 2443; x_wconf 90' lang='grc' dir='ltr'><strong>εει</strong></span> <span class='ocrx_word' id='word_1_174' title='bbox 887 2383 913 2455; x_wconf 90' lang='grc'><strong>1,</strong></span> <span class='ocrx_word' id='word_1_175' title='bbox 936 2376 1007 2444; x_wconf 86' lang='grc'>439.</span> <span class='ocrx_word' id='word_1_176' title='bbox 1068 2379 1116 2458; x_wconf 89' lang='grc'><strong>18,</strong></span> <span class='ocrx_word' id='word_1_177' title='bbox 1139 2376 1209 2444; x_wconf 85' lang='grc'>298.</span> <span class='ocrx_word' id='word_1_178' title='bbox 1253 2377 1402 2462; x_wconf 76' lang='lat'><strong>90,130.</strong></span> 
     </span>
     <span class='ocr_line' id='line_1_20' title="bbox 293 2485 1402 2588; baseline -0.021 -17"><span class='ocrx_word' id='word_1_179' title='bbox 293 2505 346 2588; x_wconf 80' lang='grc'>25,</span> <span class='ocrx_word' id='word_1_180' title='bbox 369 2502 419 2567; x_wconf 87' lang='grc'><strong>74.</strong></span> <span class='ocrx_word' id='word_1_181' title='bbox 426 2517 436 2580; x_wconf 93' lang='grc'>5</span> <span class='ocrx_word' id='word_1_182' title='bbox 459 2494 658 2561; x_wconf 86' lang='lat' dir='ltr'><strong>eonsuetudo</strong></span> <span class='ocrx_word' id='word_1_183' title='bbox 679 2491 772 2576; x_wconf 86' lang='lat' dir='ltr'><strong>pejor</strong></span> <span class='ocrx_word' id='word_1_184' title='bbox 793 2498 845 2553; x_wconf 85' lang='grc' dir='ltr'><strong>εει</strong></span> <span class='ocrx_word' id='word_1_185' title='bbox 865 2507 960 2571; x_wconf 90' lang='lat' dir='ltr'><strong>quarn</strong></span> <span class='ocrx_word' id='word_1_186' title='bbox 982 2486 1122 2554; x_wconf 88' lang='lat' dir='ltr'><strong>debiturn</strong></span> <span class='ocrx_word' id='word_1_187' title='bbox 1147 2486 1193 2565; x_wconf 91' lang='grc'><strong>18,</strong></span> <span class='ocrx_word' id='word_1_188' title='bbox 1210 2485 1279 2569; x_wconf 81' lang='grc'><strong>865</strong></span> <span class='ocrx_word' id='word_1_189' title='bbox 1304 2502 1402 2550; x_wconf 85' lang='lat' dir='ltr'><strong>eorn-</strong></span> 
     </span>
     <span class='ocr_line' id='line_1_21' title="bbox 292 2595 922 2678; baseline -0.025 -4"><span class='ocrx_word' id='word_1_190' title='bbox 292 2612 378 2674; x_wconf 89' lang='lat' dir='ltr'><strong>nium</strong></span> <span class='ocrx_word' id='word_1_191' title='bbox 402 2615 436 2669; x_wconf 92' lang='grc' dir='ltr'><strong>ει</strong></span> <span class='ocrx_word' id='word_1_192' title='bbox 456 2613 536 2668; x_wconf 83' lang='grc' dir='ltr'><strong>νειε</strong></span> <span class='ocrx_word' id='word_1_193' title='bbox 556 2603 674 2665; x_wconf 85' lang='lat' dir='ltr'><strong>iratres</strong></span> <span class='ocrx_word' id='word_1_194' title='bbox 695 2607 770 2664; x_wconf 88' lang='lat' dir='ltr'><strong>sunt</strong></span> <span class='ocrx_word' id='word_1_195' title='bbox 790 2595 825 2678; x_wconf 89' lang='grc'>6,</span> <span class='ocrx_word' id='word_1_196' title='bbox 852 2595 922 2662; x_wconf 82' lang='grc'>115.</span> 
     </span>
    </p>

    <p class='ocr_par' dir='ltr' id='par_1_3' title="bbox 288 2700 1415 4318">
     <span class='ocr_line' id='line_1_22' title="bbox 376 2700 1403 2804; baseline -0.016 -21"><span class='ocrx_word' id='word_1_197' title='bbox 376 2712 401 2804; x_wconf 83' lang='lat'>§</span> <span class='ocrx_word' id='word_1_198' title='bbox 422 2715 452 2782; x_wconf 85' lang='lat' dir='ltr'><strong>t.</strong></span> <span class='ocrx_word' id='word_1_199' title='bbox 489 2712 728 2780; x_wconf 83' lang='lat' dir='ltr'><strong>Sooietatis</strong></span> <span class='ocrx_word' id='word_1_200' title='bbox 749 2709 954 2772; x_wconf 79' lang='lat' dir='ltr'><strong>humanae.</strong></span> <span class='ocrx_word' id='word_1_201' title='bbox 986 2702 1158 2768; x_wconf 87' lang='lat' dir='ltr'><strong>Hominum</strong></span> <span class='ocrx_word' id='word_1_202' title='bbox 1171 2700 1403 2782; x_wconf 86' lang='lat' dir='ltr'><strong>oonjunotiooe</strong></span> 
     </span>
     <span class='ocr_line' id='line_1_23' title="bbox 292 2812 1404 2907; baseline -0.016 -14"><span class='ocrx_word' id='word_1_203' title='bbox 292 2829 413 2894; x_wconf 87' lang='lat' dir='ltr'><strong>utilitas</strong></span> <span class='ocrx_word' id='word_1_204' title='bbox 443 2832 575 2907; x_wconf 85' lang='lat' dir='ltr'><strong>paratur</strong></span> <span class='ocrx_word' id='word_1_205' title='bbox 602 2824 633 2898; x_wconf 89' lang='grc'>8,</span> <span class='ocrx_word' id='word_1_206' title='bbox 662 2821 729 2899; x_wconf 84' lang='grc'>15.5</span> <span class='ocrx_word' id='word_1_207' title='bbox 776 2818 830 2900; x_wconf 89' lang='lat' dir='ltr'><strong>qui</strong></span> <span class='ocrx_word' id='word_1_208' title='bbox 861 2825 914 2878; x_wconf 87' lang='grc' dir='ltr'><strong>εει</strong></span> <span class='ocrx_word' id='word_1_209' title='bbox 947 2815 1088 2877; x_wconf 87' lang='lat' dir='ltr'><strong>laetitiae</strong></span> <span class='ocrx_word' id='word_1_210' title='bbox 1115 2812 1229 2876; x_wconf 88' lang='lat' dir='ltr'><strong>modus</strong></span> <span class='ocrx_word' id='word_1_211' title='bbox 1254 2814 1286 2874; x_wconf 88' lang='lat' dir='ltr'><strong>in</strong></span> <span class='ocrx_word' id='word_1_212' title='bbox 1316 2829 1404 2876; x_wconf 86' lang='lat' dir='ltr'><strong>oon·-</strong></span> 
     </span>
     <span class='ocr_line' id='line_1_24' title="bbox 288 2923 1404 3014; baseline -0.007 -20"><span class='ocrx_word' id='word_1_213' title='bbox 288 2929 457 3014; x_wconf 84' lang='lat' dir='ltr'><strong>junotione</strong></span> <span class='ocrx_word' id='word_1_214' title='bbox 474 2933 557 2994; x_wconf 84' lang='lat' dir='ltr'><strong>idem</strong></span> <span class='ocrx_word' id='word_1_215' title='bbox 580 2931 610 2992; x_wconf 89' lang='lat' dir='ltr'><strong>in</strong></span> <span class='ocrx_word' id='word_1_216' title='bbox 632 2929 837 3011; x_wconf 78' lang='lat' dir='ltr'><strong>separatione</strong></span> <span class='ocrx_word' id='word_1_217' title='bbox 859 2933 910 2988; x_wconf 90' lang='grc' dir='ltr'><strong>εει</strong></span> <span class='ocrx_word' id='word_1_218' title='bbox 931 2925 960 3006; x_wconf 82' lang='grc'>2,</span> <span class='ocrx_word' id='word_1_219' title='bbox 986 2923 1054 2989; x_wconf 80' lang='grc'>127.</span> <span class='ocrx_word' id='word_1_220' title='bbox 1077 2923 1166 3009; x_wconf 78' lang='grc'>2015</span> <span class='ocrx_word' id='word_1_221' title='bbox 1188 2925 1404 3007; x_wconf 80' lang='lat' dir='ltr'><strong>oongregeti-</strong></span> 
     </span>
     <span class='ocr_line' id='line_1_25' title="bbox 296 3031 1404 3120; baseline -0.007 -15"><span class='ocrx_word' id='word_1_222' title='bbox 296 3041 349 3105; x_wconf 90' lang='lat' dir='ltr'><strong>oni</strong></span> <span class='ocrx_word' id='word_1_223' title='bbox 370 3040 455 3104; x_wconf 91' lang='lat' dir='ltr'><strong>omni</strong></span> <span class='ocrx_word' id='word_1_224' title='bbox 474 3039 635 3120; x_wconf 81' lang='lat' dir='ltr'><strong>separatio</strong></span> <span class='ocrx_word' id='word_1_225' title='bbox 655 3037 708 3114; x_wconf 87' lang='grc'>23,</span> <span class='ocrx_word' id='word_1_226' title='bbox 731 3035 817 3116; x_wconf 75' lang='grc'>1275</span> <span class='ocrx_word' id='word_1_227' title='bbox 838 3032 1034 3115; x_wconf 74' lang='lat' dir='ltr'><strong>principatus</strong></span> <span class='ocrx_word' id='word_1_228' title='bbox 1069 3031 1189 3095; x_wconf 88' lang='lat' dir='ltr'><strong>initium</strong></span> <span class='ocrx_word' id='word_1_229' title='bbox 1222 3032 1312 3096; x_wconf 87' lang='lat' dir='ltr'><strong>dulce</strong></span> <span class='ocrx_word' id='word_1_230' title='bbox 1336 3042 1404 3117; x_wconf 87' lang='grc' dir='ltr'><strong>εει,</strong></span> 
     </span>
     <span class='ocr_line' id='line_1_26' title="bbox 295 3133 1409 3236; baseline -0.01 -14"><span class='ocrx_word' id='word_1_231' title='bbox 295 3156 369 3222; x_wconf 79' lang='lat' dir='ltr'><strong>unis</strong></span> <span class='ocrx_word' id='word_1_232' title='bbox 390 3170 521 3218; x_wconf 88' lang='lat' dir='ltr'><strong>amarus</strong></span> <span class='ocrx_word' id='word_1_233' title='bbox 546 3153 574 3236; x_wconf 93' lang='grc'><strong>1,</strong></span> <span class='ocrx_word' id='word_1_234' title='bbox 596 3149 685 3230; x_wconf 84' lang='grc'>4735</span> <span class='ocrx_word' id='word_1_235' title='bbox 708 3147 874 3230; x_wconf 85' lang='lat' dir='ltr'><strong>imperium</strong></span> <span class='ocrx_word' id='word_1_236' title='bbox 899 3165 928 3208; x_wconf 84' lang='lat' dir='ltr'><strong>er</strong></span> <span class='ocrx_word' id='word_1_237' title='bbox 950 3153 1091 3216; x_wconf 84' lang='lat' dir='ltr'><strong>nonest,</strong></span> <span class='ocrx_word' id='word_1_238' title='bbox 1113 3145 1240 3208; x_wconf 90' lang='lat' dir='ltr'><strong>ouinon</strong></span> <span class='ocrx_word' id='word_1_239' title='bbox 1257 3133 1409 3211; x_wconf 84' lang='lat' dir='ltr'><strong>obeditur</strong></span> 
     </span>
     <span class='ocr_line' id='line_1_27' title="bbox 295 3253 1405 3344; baseline -0.004 -20"><span class='ocrx_word' id='word_1_240' title='bbox 295 3261 345 3337; x_wconf 76' lang='lat'><strong>23,</strong></span> <span class='ocrx_word' id='word_1_241' title='bbox 371 3258 462 3344; x_wconf 78' lang='grc'>2925</span> <span class='ocrx_word' id='word_1_242' title='bbox 485 3255 729 3342; x_wconf 88' lang='lat' dir='ltr'><strong>propinquitatis</strong></span> <span class='ocrx_word' id='word_1_243' title='bbox 740 3253 871 3317; x_wconf 82' lang='lat' dir='ltr'><strong>vinnula</strong></span> <span class='ocrx_word' id='word_1_244' title='bbox 892 3259 1089 3334; x_wconf 84' lang='lat' dir='ltr'><strong>rumpuntur,</strong></span> <span class='ocrx_word' id='word_1_245' title='bbox 1103 3253 1132 3315; x_wconf 92' lang='lat' dir='ltr'><strong>si</strong></span> <span class='ocrx_word' id='word_1_246' title='bbox 1146 3271 1230 3336; x_wconf 89' lang='lat' dir='ltr'><strong>gens</strong></span> <span class='ocrx_word' id='word_1_247' title='bbox 1245 3254 1285 3318; x_wconf 88' lang='lat' dir='ltr'><strong>de</strong></span> <span class='ocrx_word' id='word_1_248' title='bbox 1300 3273 1405 3338; x_wconf 81' lang='lat' dir='ltr'><strong>regno</strong></span> 
     </span>
     <span class='ocr_line' id='line_1_28' title="bbox 294 3361 1405 3452; baseline -0.004 -21"><span class='ocrx_word' id='word_1_249' title='bbox 294 3375 419 3452; x_wconf 84' lang='lat' dir='ltr'><strong>pugnet</strong></span> <span class='ocrx_word' id='word_1_250' title='bbox 449 3367 506 3441; x_wconf 84' lang='grc'>24,</span> <span class='ocrx_word' id='word_1_251' title='bbox 539 3365 632 3446; x_wconf 85' lang='lat'><strong>320.;</strong></span> <span class='ocrx_word' id='word_1_252' title='bbox 660 3364 796 3427; x_wconf 89' lang='lat' dir='ltr'><strong>remotio</strong></span> <span class='ocrx_word' id='word_1_253' title='bbox 828 3383 848 3425; x_wconf 90' lang='lat' dir='ltr'><strong>a</strong></span> <span class='ocrx_word' id='word_1_254' title='bbox 879 3381 1011 3426; x_wconf 88' lang='lat' dir='ltr'><strong>munere</strong></span> <span class='ocrx_word' id='word_1_255' title='bbox 1052 3361 1191 3424; x_wconf 85' lang='lat' dir='ltr'><strong>virorum</strong></span> <span class='ocrx_word' id='word_1_256' title='bbox 1233 3361 1405 3445; x_wconf 84' lang='lat' dir='ltr'><strong>repudium</strong></span> 
     </span>
     <span class='ocr_line' id='line_1_29' title="bbox 295 3473 1407 3556; baseline -0.004 -17"><span class='ocrx_word' id='word_1_257' title='bbox 295 3486 349 3540; x_wconf 86' lang='grc' dir='ltr'><strong>εει</strong></span> <span class='ocrx_word' id='word_1_258' title='bbox 372 3475 531 3556; x_wconf 77' lang='grc'>18,’289.5</span> <span class='ocrx_word' id='word_1_259' title='bbox 553 3473 719 3539; x_wconf 72' lang='lat' dir='ltr'><strong>absentiae</strong></span> <span class='ocrx_word' id='word_1_260' title='bbox 743 3473 933 3537; x_wconf 88' lang='lat' dir='ltr'><strong>diuturnitas</strong></span> <span class='ocrx_word' id='word_1_261' title='bbox 955 3487 1057 3532; x_wconf 87' lang='lat' dir='ltr'><strong>eausa</strong></span> <span class='ocrx_word' id='word_1_262' title='bbox 1079 3477 1155 3552; x_wconf 88' lang='grc' dir='ltr'><strong>εει,</strong></span> <span class='ocrx_word' id='word_1_263' title='bbox 1186 3487 1247 3532; x_wconf 89' lang='lat' dir='ltr'><strong>our</strong></span> <span class='ocrx_word' id='word_1_264' title='bbox 1272 3479 1407 3534; x_wconf 88' lang='lat' dir='ltr'><strong>mutuus</strong></span> 
     </span>
     <span class='ocr_line' id='line_1_30' title="bbox 297 3579 1408 3664; baseline -0.005 -17"><span class='ocrx_word' id='word_1_265' title='bbox 297 3602 387 3647; x_wconf 83' lang='lat' dir='ltr'><strong>arnor</strong></span> <span class='ocrx_word' id='word_1_266' title='bbox 410 3593 521 3648; x_wconf 87' lang='grc' dir='ltr'><strong>εεεεει</strong></span> <span class='ocrx_word' id='word_1_267' title='bbox 543 3583 593 3659; x_wconf 88' lang='grc'><strong>16,</strong></span> <span class='ocrx_word' id='word_1_268' title='bbox 616 3589 684 3662; x_wconf 79' lang='grc'>415</span> <span class='ocrx_word' id='word_1_269' title='bbox 707 3582 866 3664; x_wconf 81' lang='lat' dir='ltr'><strong>opulentia</strong></span> <span class='ocrx_word' id='word_1_270' title='bbox 887 3587 939 3642; x_wconf 87' lang='grc' dir='ltr'><strong>εει</strong></span> <span class='ocrx_word' id='word_1_271' title='bbox 960 3579 1229 3644; x_wconf 78' lang='lat' dir='ltr'><strong>inuentamentum</strong></span> <span class='ocrx_word' id='word_1_272' title='bbox 1250 3579 1408 3643; x_wconf 83' lang='lat' dir='ltr'><strong>scortati-</strong></span> 
     </span>
     <span class='ocr_line' id='line_1_31' title="bbox 295 3684 1406 3770; baseline -0.009 -13"><span class='ocrx_word' id='word_1_273' title='bbox 295 3692 367 3757; x_wconf 88' lang='lat' dir='ltr'><strong>onis</strong></span> <span class='ocrx_word' id='word_1_274' title='bbox 391 3690 440 3768; x_wconf 85' lang='grc'><strong>19,</strong></span> <span class='ocrx_word' id='word_1_275' title='bbox 471 3689 542 3769; x_wconf 72' lang='lat' dir='ltr'><strong>te,</strong></span> <span class='ocrx_word' id='word_1_276' title='bbox 565 3687 759 3754; x_wconf 85' lang='lat' dir='ltr'><strong>abundantia</strong></span> <span class='ocrx_word' id='word_1_277' title='bbox 781 3697 833 3750; x_wconf 88' lang='grc' dir='ltr'><strong>εει</strong></span> <span class='ocrx_word' id='word_1_278' title='bbox 854 3684 1103 3748; x_wconf 88' lang='lat' dir='ltr'><strong>additamentum</strong></span> <span class='ocrx_word' id='word_1_279' title='bbox 1115 3685 1201 3766; x_wconf 88' lang='lat' dir='ltr'><strong>ejus,</strong></span> <span class='ocrx_word' id='word_1_280' title='bbox 1220 3689 1304 3770; x_wconf 90' lang='lat' dir='ltr'><strong>quod</strong></span> <span class='ocrx_word' id='word_1_281' title='bbox 1319 3689 1406 3752; x_wconf 73' lang='lat' dir='ltr'><strong>satia</strong></span> 
     </span>
     <span class='ocr_line' id='line_1_32' title="bbox 296 3793 1406 3880; baseline -0.008 -16"><span class='ocrx_word' id='word_1_282' title='bbox 296 3805 348 3864; x_wconf 90' lang='lat' dir='ltr'><strong>est</strong></span> <span class='ocrx_word' id='word_1_283' title='bbox 368 3799 422 3880; x_wconf 82' lang='grc'>20,</span> <span class='ocrx_word' id='word_1_284' title='bbox 449 3798 537 3877; x_wconf 78' lang='grc'>1235</span> <span class='ocrx_word' id='word_1_285' title='bbox 559 3795 738 3858; x_wconf 86' lang='lat' dir='ltr'><strong>necessitas</strong></span> <span class='ocrx_word' id='word_1_286' title='bbox 760 3812 819 3856; x_wconf 91' lang='lat' dir='ltr'><strong>nos</strong></span> <span class='ocrx_word' id='word_1_287' title='bbox 842 3793 931 3874; x_wconf 81' lang='lat' dir='ltr'><strong>eogit</strong></span> <span class='ocrx_word' id='word_1_288' title='bbox 947 3793 988 3855; x_wconf 93' lang='lat' dir='ltr'><strong>ad</strong></span> <span class='ocrx_word' id='word_1_289' title='bbox 1009 3811 1063 3856; x_wconf 87' lang='lat' dir='ltr'><strong>res</strong></span> <span class='ocrx_word' id='word_1_290' title='bbox 1092 3795 1247 3878; x_wconf 83' lang='lat' dir='ltr'><strong>ingratas·</strong></span> <span class='ocrx_word' id='word_1_291' title='bbox 1267 3795 1297 3873; x_wconf 83' lang='lat'><strong>6,</strong></span> <span class='ocrx_word' id='word_1_292' title='bbox 1320 3795 1382 3863; x_wconf 72' lang='grc'><strong>98,</strong></span> <span class='ocrx_word' id='word_1_293' title='bbox 1394 3817 1406 3880; x_wconf 82' lang='lat'><em>3</em></span> 
     </span>
     <span class='ocr_line' id='line_1_33' title="bbox 295 3901 1407 3992; baseline -0.009 -13"><span class='ocrx_word' id='word_1_294' title='bbox 295 3912 478 3978; x_wconf 87' lang='lat' dir='ltr'><strong>neeessitas</strong></span> <span class='ocrx_word' id='word_1_295' title='bbox 501 3917 606 3971; x_wconf 87' lang='lat' dir='ltr'><strong>astum</strong></span> <span class='ocrx_word' id='word_1_296' title='bbox 628 3905 746 3987; x_wconf 90' lang='lat' dir='ltr'><strong>rumpit</strong></span> <span class='ocrx_word' id='word_1_297' title='bbox 767 3905 798 3981; x_wconf 89' lang='lat'><strong>6,</strong></span> <span class='ocrx_word' id='word_1_298' title='bbox 820 3902 914 3983; x_wconf 64' lang='grc'>2135</span> <span class='ocrx_word' id='word_1_299' title='bbox 937 3901 1100 3966; x_wconf 81' lang='lat' dir='ltr'><strong>distinctio</strong></span> <span class='ocrx_word' id='word_1_300' title='bbox 1123 3914 1172 3967; x_wconf 86' lang='lat' dir='ltr'><strong>est</strong></span> <span class='ocrx_word' id='word_1_301' title='bbox 1186 3906 1357 3970; x_wconf 74' lang='lat' dir='ltr'><strong>infelicitas</strong></span> <span class='ocrx_word' id='word_1_302' title='bbox 1369 3907 1407 3992; x_wconf 85' lang='lat'><strong>3,</strong></span> 
     </span>
     <span class='ocr_line' id='line_1_34' title="bbox 298 4008 1408 4102; baseline -0.009 -16"><span class='ocrx_word' id='word_1_303' title='bbox 298 4021 386 4102; x_wconf 81' lang='lat'><strong>185.;</strong></span> <span class='ocrx_word' id='word_1_304' title='bbox 410 4017 576 4082; x_wconf 87' lang='lat' dir='ltr'><strong>calamitas</strong></span> <span class='ocrx_word' id='word_1_305' title='bbox 598 4035 662 4077; x_wconf 90' lang='lat' dir='ltr'><strong>una</strong></span> <span class='ocrx_word' id='word_1_306' title='bbox 683 4012 788 4076; x_wconf 87' lang='lat' dir='ltr'><strong>levior</strong></span> <span class='ocrx_word' id='word_1_307' title='bbox 811 4020 861 4074; x_wconf 89' lang='grc' dir='ltr'><strong>εει</strong></span> <span class='ocrx_word' id='word_1_308' title='bbox 883 4029 977 4093; x_wconf 84' lang='lat' dir='ltr'><strong>quarn</strong></span> <span class='ocrx_word' id='word_1_309' title='bbox 994 4008 1077 4074; x_wconf 89' lang='lat' dir='ltr'><strong>duae</strong></span> <span class='ocrx_word' id='word_1_310' title='bbox 1099 4010 1150 4089; x_wconf 88' lang='grc'>26,</span> <span class='ocrx_word' id='word_1_311' title='bbox 1173 4013 1243 4095; x_wconf 79' lang='grc'><strong>625</strong></span> <span class='ocrx_word' id='word_1_312' title='bbox 1268 4031 1408 4077; x_wconf 88' lang='lat' dir='ltr'><strong>uuaoa-</strong></span> 
     </span>
     <span class='ocr_line' id='line_1_35' title="bbox 292 4116 1410 4205; baseline -0.014 -11"><span class='ocrx_word' id='word_1_313' title='bbox 292 4130 420 4194; x_wconf 83' lang='lat' dir='ltr'><strong>lenitas</strong></span> <span class='ocrx_word' id='word_1_314' title='bbox 441 4128 573 4190; x_wconf 86' lang='lat' dir='ltr'><strong>alteram</strong></span> <span class='ocrx_word' id='word_1_315' title='bbox 595 4121 756 4185; x_wconf 82' lang='lat' dir='ltr'><strong>adducere</strong></span> <span class='ocrx_word' id='word_1_316' title='bbox 778 4121 861 4186; x_wconf 77' lang='lat' dir='ltr'><strong>solet</strong></span> <span class='ocrx_word' id='word_1_317' title='bbox 883 4119 911 4195; x_wconf 89' lang='lat'><strong>1,</strong></span> <span class='ocrx_word' id='word_1_318' title='bbox 935 4116 1028 4200; x_wconf 82' lang='lat'><strong>333.;</strong></span> <span class='ocrx_word' id='word_1_319' title='bbox 1055 4122 1183 4194; x_wconf 88' lang='lat' dir='ltr'><strong>rnatum,</strong></span> <span class='ocrx_word' id='word_1_320' title='bbox 1210 4141 1273 4204; x_wconf 86' lang='lat' dir='ltr'><strong>quo</strong></span> <span class='ocrx_word' id='word_1_321' title='bbox 1292 4123 1410 4205; x_wconf 78' lang='lat' dir='ltr'><strong>plures</strong></span> 
     </span>
     <span class='ocr_line' id='line_1_36' title="bbox 293 4222 1415 4318; baseline -0.009 -13"><span class='ocrx_word' id='word_1_322' title='bbox 293 4237 496 4318; x_wconf 75' lang='lat' dir='ltr'><strong>addoiuntur,</strong></span> <span class='ocrx_word' id='word_1_323' title='bbox 516 4232 644 4297; x_wconf 76' lang='lat' dir='ltr'><strong>facilius</strong></span> <span class='ocrx_word' id='word_1_324' title='bbox 664 4229 741 4294; x_wconf 83' lang='lat' dir='ltr'><strong>ferri</strong></span> <span class='ocrx_word' id='word_1_325' title='bbox 761 4235 872 4314; x_wconf 83' lang='lat' dir='ltr'><strong>potest</strong></span> <span class='ocrx_word' id='word_1_326' title='bbox 890 4222 948 4312; x_wconf 78' lang='grc'><strong>13,</strong></span> <span class='ocrx_word' id='word_1_327' title='bbox 970 4227 1042 4314; x_wconf 72' lang='grc'><strong>725</strong></span> <span class='ocrx_word' id='word_1_328' title='bbox 1063 4230 1248 4313; x_wconf 48' lang='lat' dir='ltr'><strong>perieulum¹</strong></span> <span class='ocrx_word' id='word_1_329' title='bbox 1265 4231 1299 4294; x_wconf 89' lang='lat' dir='ltr'><strong>in</strong></span> <span class='ocrx_word' id='word_1_330' title='bbox 1320 4233 1415 4307; x_wconf 88' lang='grc' dir='ltr'><strong>Ιεεο,</strong></span> 
     </span>
    </p>
   </div>
   <div class='ocr_carea' id='block_1_3' title="bbox 0 0 1562 4942">
    <p class='ocr_par' dir='ltr' id='par_1_4' title="bbox 0 0 1562 4942">
     <span class='ocr_line' id='line_1_37' title="bbox 0 0 1562 4942; baseline 0 0"><span class='ocrx_word' id='word_1_331' title='bbox 0 0 1562 4942; x_wconf 95' lang='lat' dir='ltr'><strong> </strong></span> 
     </span>
    </p>
   </div>
  </div>
 </body>
</html>
