3082 4942
597 375 828 442 ..135..

153 559 287 623 Arabes
302 524 388 622 baud
409 562 644 654 gentq'uitmut,
666 569 802 624 metrum
824 579 886 624 non
907 569 972 626 tem
1001 563 1184 647 frequenter
1207 570 1260 632 in·

151 667 289 729 venitur.
331 665 470 729 Difficile
490 675 600 731 autom
620 677 674 730 est
696 667 795 753 dictu,
818 669 1009 751 quibusnam
1030 689 1160 756 semper
1179 697 1259 758 pros

150 775 269 837 verbiis
303 783 468 856 poetarum
508 791 626 838 versus
655 776 866 860 subjaccaut3
888 779 957 840 dori
980 781 1061 843 enirn
1086 784 1202 866 potuit,
1223 793 1259 851 nt

148 881 258 944 verbis
278 881 483 948 autmututis
505 894 563 948 eut
591 886 697 948 auctis
726 895 784 948 aut
813 886 972 950 diminutis
1002 897 1138 954 metrum
1179 911 1257 956 cor·

147 999 344 1072 rumperetur
371 993 482 1056 nont:
504 994 541 1058 C.
571 999 600 1078 t,
631 991 684 1071 62,
713 992 764 1062 64.
805 995 840 1079 »2,
862 993 912 1062 62.
957 996 1009 1080 18,
1032 997 1083 1064 64.
1127 1002 1177 1078 21,
1198 1000 1251 1067 61.

147 1097 207 1176 23,
244 1097 295 1164 97.
340 1098 411 1166 333.
463 1099 523 1178 24,
559 1102 628 1168 112.
669 1100 738 1168 150.
774 1100 846 1168 263.
877 1103 950 1169 277.
987 1102 1059 1174 329.
1113 1105 1170 1192 26,
1204 1111 1256 1177 22.

146 1203 270 1268 Poetae
297 1227 424 1292 quoque
452 1207 551 1293 quum
579 1210 728 1273 versibus
755 1213 824 1274 suis
857 1213 1029 1292 proverbia
1060 1215 1254 1301 intexerent,

143 1331 207 1375 uou
239 1317 344 1380 omnia
364 1317 544 1398 proverbia,
566 1317 597 1380 iu
618 1319 734 1400 quibus
756 1321 848 1404 inctri
867 1320 970 1402 pedes
991 1325 1247 1408 conspiciuntur,

143 1427 248 1506 poetis
270 1436 422 1510 tanquam
444 1430 553 1511 prinris
576 1431 760 1496 auctoribus
784 1430 985 1498 adscribendi
1008 1444 1091 1499 sunt.
1139 1439 1198 1502 Sic
1219 1440 1252 1501 in

141 1529 320 1612 proverbio,
345 1533 428 1614 quod
451 1535 490 1597 C.
516 1536 545 1615 1,
568 1534 619 1600 64
648 1536 776 1619 legitur,
797 1557 849 1601 res
871 1539 1000 1602 dubium
1021 1543 1130 1626 habet,
1152 1555 1249 1627 pocta

142 1639 225 1699 enirn
254 1640 334 1715 iste,
368 1641 635 1721 quemadmodum
664 1661 706 1704 ex
727 1644 799 1707 aliis
833 1646 921 1709 iocis
954 1648 1182 1732 intelligimus,
1220 1653 1253 1712 in

142 1747 236 1810 istam
253 1751 517 1814 cousuetudinem
537 1769 576 1814 se
597 1752 785 1816 adduxerat.
818 1754 1022 1838 Quamquam
1043 1756 1154 1839 piures
1189 1775 1251 1820 ou-

141 1863 251 1918 ctores
266 1859 390 1920 nonnisi
404 1860 584 1940 proverbiis
605 1879 625 1922 e
645 1868 811 1941 poetarum
831 1861 983 1925 versibus
1003 1861 1157 1926 derivatis
1169 1883 1252 1946 ope-

139 1982 207 2027 ram
229 1961 392 2041 dederunt,
417 1965 461 2027 ita
483 1973 519 2026 ut
538 1968 677 2031 caeteris
698 1969 840 2030 exclusis
862 1978 1035 2033 autentum
1052 1970 1250 2053 colligerent,

138 2069 319 2134 Meidarrius
340 2080 446 2136 tamen
469 2072 584 2154 otiique
606 2081 759 2136 auctores
781 2075 861 2138 huic
885 2078 932 2139 rei
969 2096 1080 2160 parum
1109 2088 1245 2159 tautum,

139 2197 234 2243 curae
254 2179 448 2262 impendisse
467 2179 622 2259 videntur,
647 2184 764 2265 quippe
786 2201 882 2267 quum
904 2188 1110 2266 proverbium
1131 2207 1249 2270 epoc-

138 2298 191 2354 tae
202 2303 300 2354 versu
316 2291 497 2356 desumturu
508 2311 582 2356 esso
591 2293 746 2357 adnotare
760 2295 917 2358 interdurn
927 2296 1127 2379 neglexerit:
1144 2297 1247 2359 conf.

137 2401 242 2462 Harir.
264 2401 390 2464 schol.
413 2423 443 2484 p.
455 2405 529 2480 55⁵,
550 2422 614 2485 quo
630 2393 743 2466 in'loco
761 2407 965 2485 proverbium
981 2405 1018 2470 C.
1033 2403 1063 2486 3,
1079 2404 1129 2470 30.
1142 2405 1248 2486 expli-

137 2516 230 2570 catur
251 2516 400 2590 tauquam
423 2529 562 2573 eversu
588 2510 778 2574 derivatum.
831 2515 917 2576 Inter
939 2495 1127 2596 proverbia,
1155 2532 1242 2596 quau

137 2617 177 2679 ab
187 2618 349 2681 Arabibus
362 2621 508 2701 genuinis
522 2601 676 2704 originem
691 2630 870 2702 traxerunt,
891 2624 1096 2704 septingenta
1108 2633 1246 2705 suptua-

135 2725 225 2808 ginta
238 2733 375 2806 ‚septem
397 2727 607 2807 reperiuntur,
628 2742 712 2806 quae
733 2725 774 2788 ad
805 2737 938 2789 metrum
967 2746 1124 2791 revocare
1156 2731 1246 2815 licut,

135 2833 216 2896 iuter
236 2835 418 2915 proverbia,
452 2853 534 2918 quoe
562 2835 725 2898 Arabibus
757 2834 842 2897 haud
856 2871 859 2878 ,
875 2835 1024 2920 genuinis
1053 2837 1245 2922 tribuuntur,
1351 2923 1353 2928 ,

132 2959 228 3004 unum
250 2951 283 3004 ct
304 2943 519 3025 septuaginta.
561 2942 608 3005 At
630 2963 709 3005 vero
731 2941 890 3026 quaedum
912 2953 1016 3007 metra
1043 2945 1075 3008 in
1107 2947 1243 3028 singuiis

132 3048 266 3130 pedibus
297 3052 444 3132 aequalia
468 3059 561 3136 suut,
591 3059 645 3136 ut,
680 3050 720 3115 ad
751 3069 906 3133 quaenam
937 3059 1040 3114 metra
1073 3053 1245 3132 proverbia

132 3138 326 3248 pertineant,
350 3164 508 3227 interdurn
529 3187 592 3228 non
612 3167 740 3248 liqueat.
785 3164 883 3226 Metri
905 3163 1071 3227 Mousarib
1090 3161 1241 3246 appellati

133 3261 235 3350 pedes
258 3290 363 3330 --o-
383 3270 387 3334 i
505 3288 578 3332 cum
592 3274 685 3333 metri
701 3270 798 3335 Sarib
814 3279 847 3334 et
858 3271 951 3333 metri
966 3269 1090 3351 Redjes
1108 3270 1243 3352 pedibus

133 3374 349 3449 consentiunt,
368 3381 435 3436 tum
446 3371 548 3455 pedes
558 3378 650 3438 metri
663 3377 768 3438 Camil
782 3397 889 3438 --o·
907 3374 913 3455 Ι
932 3409 980 3424 --
999 3374 1135 3457 pedibus
1147 3377 1242 3439 metri

132 3479 229 3544 Sardi
258 3488 292 3542 et
325 3477 429 3562 pedes
461 3480 554 3541 metri
587 3479 698 3544 want
730 3497 834 3542 o···-
852 3479 858 3563 Ι
877 3500 954 3543 o··
983 3478 1119 3562 pedibus
1150 3483 1243 3545 metri
1292 3484 1298 3490 ’

130 3588 257 3671 Hesedj
289 3591 498 3653 conveniunt.
551 3589 752 3671 Saepissime
775 3597 882 3654 autem
911 3569 1007 3671 quum
1036 3587 1174 3666 accidat,
1205 3595 1242 3653 ut

129 3699 234 3780 pedes
256 3699 349 3763 metri
373 3699 472 3764 Sorib
494 3709 528 3762 ct
550 3701 642 3764 metri
665 3694 1015 3783 Redjesssssconvouiaut,
1049 3717 1112 3761 nou
1139 3697 1240 3760 dubi-

129 3815 249 3889 tamus,
272 3809 347 3890 quin
367 3809 449 3870 iuter
469 3809 650 3891 proverbio,
673 3828 756 3891 quae
777 3807 819 3871 ad
851 3815 988 3871 metrum
1019 3805 1116 3870 Sarib
1144 3814 1241 3869 retu·

128 3915 235 3998 timos,
264 3918 354 3997 plora
383 3925 487 3980 metro
516 3915 639 3996 Redjes
671 3913 878 3980 accensenda
906 3915 982 3977 sint.
1035 3912 1128 3993 Quae
1158 3933 1240 3977 voro

128 4020 283 4086 dubitatio
327 4021 400 4085 inde
423 4031 493 4086 ortu
523 4034 585 4102 est,
615 4023 699 4108 quod
730 4025 762 4086 in
793 4025 972 4106 proverbiis
999 4039 1105 4104 neque
1135 4021 1240 4086 nuans

128 4128 320 4192 enunciaudi
348 4130 464 4193 modus
493 4141 602 4195 certus
636 4140 687 4193 est
708 4150 813 4213 neque
847 4150 976 4213 semper
1004 4146 1117 4193 omnes
1145 4131 1238 4192 metri

127 4232 229 4317 pedes
259 4237 467 4302 continentur.
535 4238 608 4317 Quo
630 4247 737 4302 autem
766 4239 870 4302 miuus
900 4237 1022 4302 recedit
1052 4245 1187 4300 metrum
1217 4253 1238 4298 e

127 4341 287 4405 sermonis
310 4345 487 4406 eommunis
507 4343 602 4407 modo
624 4353 657 4408 et
685 4346 818 4427 ratione,
850 4344 1065 4426 eor-'pluribus
1096 4360 1237 4424 prover·
