3022 4940
705 351 930 418 ..100-

271 557 305 622 ia
338 548 472 618 Kamusi
497 567 610 634 opere,
635 535 753 638 ffb
798 534 873 608 tabl
910 538 974 618 ,121
998 542 1042 632 pa
1066 532 1198 620 legitur.
1250 529 1320 596 Sed
1344 531 1379 593 in

271 669 425 736 Meidauii
449 685 549 754 opero
582 681 678 748 quum
712 667 838 746 auctor,
874 654 1075 722 accuratiore
1101 650 1213 714 ordine
1236 665 1377 734 prorsus

274 785 441 872 neglecto,
478 781 600 865 primae
627 778 660 842 in
683 775 855 861 proverbio
890 772 1019 836 litterae
1056 767 1185 832 nonnisi
1215 765 1380 854 quandam

275 903 431 968 rationem
456 897 615 976 habuerit,
648 894 765 958 nullum
789 891 859 956 lere
896 890 975 954 ordo
1012 887 1179 952 utilitatem
1206 882 1378 970 quaerenti

272 1018 391 1105 adlert,
417 1025 521 1080 toturn
548 1015 631 1076 enirn
656 1017 754 1094 caput
778 1008 811 1070 in
833 1001 1020 1092 quaerendo
1045 999 1296 1086 percurrendum
1312 1009 1380 1068 est.

272 1137 346 1216 Quo
372 1137 403 1199 in
427 1135 580 1222 neglecto
607 1129 718 1195 ordino
744 1145 848 1192 causa
873 1122 1058 1208 quaerenda
1084 1130 1150 1207 est,
1176 1138 1235 1186 cur
1262 1118 1383 1186 eadem

273 1251 445 1333 proverbia
470 1257 527 1312 aut
553 1249 650 1330 paulo
675 1251 804 1308 mutata
836 1241 963 1305 duobus
997 1239 1054 1302 vel
1078 1238 1180 1302 tribus
1207 1236 1290 1300 locis
1316 1253 1382 1302 oc-

275 1375 408 1430 currant
433 1365 518 1432 coni.
549 1364 587 1428 C.
616 1363 649 1450 1,
665 1359 749 1425 231.
777 1367 811 1422 et
834 1359 869 1438 8,
883 1356 941 1419 24.
981 1354 1021 1422 C.
1044 1355 1074 1434 1,
1091 1352 1149 1416 52.
1178 1364 1212 1418 et
1239 1353 1381 1442 7,148.

279 1482 320 1546 C.
351 1483 383 1570 1,
412 1484 495 1550 416.
524 1491 558 1545 et
585 1481 644 1567 22,
671 1478 754 1544 242.
784 1485 819 1540 et
845 1475 879 1556 6,
906 1471 990 1538 221.
1028 1473 1068 1538 C.
1098 1473 1131 1559 1,
1146 1472 1230 1536 425.
1257 1482 1293 1538 ct
1322 1474 1383 1563 15,

276 1597 336 1664 65.
363 1598 468 1682 (conl.
495 1599 535 1666 C.
564 1594 623 1686 22,
651 1595 756 1680 268.)
775 1594 814 1659 C.
842 1594 877 1680 2,
904 1591 987 1658 215.
1014 1598 1049 1653 et
1073 1588 1132 1676 26,
1163 1587 1246 1653 132.
1273 1581 1383 1676 (3.3,

271 1712 332 1782 30.
361 1716 482 1800 etur,
510 1715 567 1779 19.
619 1713 658 1778 C.
686 1713 722 1799 5,
751 1710 833 1774 112.
861 1718 896 1772 ot
925 1707 982 1796 14,
1008 1704 1068 1771 31.
1116 1705 1155 1772 C.
1196 1708 1229 1790 6,
1257 1709 1318 1777 21.
1344 1720 1383 1775 et

273 1829 335 1920 23,
369 1833 453 1897 261.
500 1830 540 1901 C.
567 1832 603 1916 6,
630 1829 688 1892 47.
724 1834 759 1890 ot
798 1825 858 1911 23,
885 1823 968 1888 435.
1016 1824 1057 1890 C.
1085 1824 1118 1904 6,
1149 1823 1230 1888 ltu.
1257 1833 1293 1890 ot
1319 1825 1384 1913 23,

275 1945 361 2018 272,
396 1951 434 2016 C.
464 1949 522 2036 10,
548 1949 607 2012 27.
633 1953 668 2008 et
695 1946 754 2012 76.
788 1942 826 2006 C.
846 1941 904 2030 10,
932 1941 991 2006 38.
1019 1951 1053 2032 et
1079 1943 1137 2006 84.
1175 1942 1215 2007 C.
1235 1942 1291 2026 12,
1321 1944 1387 2009 72.

273 2076 309 2132 et
335 2067 395 2152 28,
423 2064 483 2129 40.
532 2064 571 2129 0.
603 2061 659 2141 18,
686 2057 769 2124 283.
797 2068 832 2122 et
858 2059 919 2144 24,
947 2056 1029 2121 538.
1081 2057 1119 2121 G.
1146 2056 1206 2143 22,
1238 2057 1316 2121 tto.
1344 2070 1387 2124 et

273 2183 334 2272 27,
361 2182 421 2246 bb.
458 2181 497 2246 C.
525 2179 585 2260 23,
612 2178 642 2240 1.
670 2185 705 2240 et
733 2175 817 2240 205.
845 2175 883 2240 C.
912 2173 972 2262 23,
1000 2173 1085 2238 tol.
1104 2181 1138 2237 et
1157 2173 1241 2237 562.
1268 2174 1308 2240 C.
1324 2175 1388 2256 24,

273 2298 322 2364 32
347 2307 382 2366 et
411 2299 492 2364 196.
555 2295 680 2360 Unicus
713 2301 822 2358 autem
847 2291 1077 2374 quaerentibus
1110 2293 1143 2354 in
1169 2289 1385 2375 disponendis

274 2416 456 2502 proverbiis
488 2413 682 2481 utilissimus
720 2410 834 2476 modus
868 2411 901 2476 in
934 2432 974 2476 eo
1000 2413 1152 2492 cernitur,
1178 2411 1263 2492 qnod
1288 2411 1388 2493 primi

275 2541 331 2600 aul
362 2534 500 2596 nominis
532 2541 588 2596 aut
620 2531 724 2614 verbi,
751 2531 869 2614 quippe
896 2550 979 2613 quae
1011 2530 1177 2593 rarissime
1202 2537 1386 2618 mutentur,

280 2647 365 2711 ratio
405 2647 575 2713 habeatur.
634 2649 773 2734 Singula
808 2655 916 2711 autem
950 2646 1059 2728 capita
1095 2655 1208 2710 auctor
1240 2647 1273 2712 in
1313 2655 1386 2711 tres

275 2771 388 2849 partes
426 2765 548 2830 divisit.
599 2767 706 2830 l’rima
746 2785 823 2848 pars
850 2763 1023 2845 proverbia
1049 2763 1203 2849 continet,
1228 2782 1313 2845 quae
1339 2765 1385 2827 ab

275 2880 439 2946 Arabibus
465 2883 614 2970 genuinis
633 2885 636 2896 '
654 2882 813 2967 originem
841 2881 1010 2969 duxerunt,
1037 2881 1181 2945 secunda
1197 2900 1275 2963 pars
1303 2881 1387 2962 pro-

273 2999 399 3087 verbia,
429 2999 616 3082 aquodam·
646 2998 764 3079 indole,
801 3017 883 3081 quae
910 3005 966 3064 aut
990 3019 1152 3084 personae
1179 3008 1236 3063 aut
1254 2999 1388 3092 animali

274 3124 330 3184 aut
361 3119 409 3182 rai
441 3123 496 3181 aut
523 3113 693 3178 conditioni
729 3115 842 3200 majori
882 3116 987 3203 gradu
1029 3118 1188 3199 tribuitur,
1215 3117 1382 3206 derivata,

273 3233 320 3296 ita
345 3235 439 3298 utin
464 3234 504 3297 iis
531 3233 616 3299 duae
641 3255 774 3320 semper
797 3255 853 3300 res
880 3245 1116 3321 comparentur,
1144 3233 1177 3298 in
1196 3236 1293 3299 tertia
1319 3235 1385 3300 tle-

274 3349 372 3432 nique
393 3344 496 3444 sparte
532 3353 706 3435 proverbia
745 3362 830 3441 sunt,
864 3375 950 3439 quae
975 3354 1016 3418 ab
1039 3354 1202 3418 Arabibus
1228 3373 1293 3416 non
1320 3375 1390 3440 ge·

274 3468 383 3534 nuinis
410 3471 559 3555 proiecta
585 3480 672 3535 sunt.
734 3472 870 3537 Maximi
905 3471 1058 3534 momenti
1084 3490 1162 3533 esse
1188 3471 1390 3554 proverbio-

275 3601 347 3647 rum
382 3587 622 3654 distinctionem
654 3594 687 3653 in
722 3591 826 3673 prima
862 3600 897 3653 et
918 3592 1014 3653 tertia
1044 3598 1138 3672 parto
1186 3608 1282 3653 nemo
1319 3608 1390 3652 non

274 3700 376 3765 uidet.
427 3704 464 3765 ln
502 3707 607 3785 capite
651 3706 806 3769 vicesimo
856 3707 952 3769 tertio
1011 3707 1186 3789 proverbia
1238 3724 1322 3770 voce
1363 3701 1392 3766 3

276 3819 462 3902 incipientia
500 3819 532 3882 in
563 3821 627 3884 fine
660 3830 746 3904 post.
782 3841 948 3886 numerum
980 3823 1051 3887 268
1091 3832 1166 3887 ante
1192 3821 1387 3909 proverbia,

272 3957 353 4021 quae
393 3940 433 4002 ab
461 3941 567 4004 indole
595 3942 708 4025 majori
744 3940 848 4029 gradu
874 3940 1025 4005 derivata
1055 3949 1140 4021 sunt,
1167 3942 1288 4024 posuit.
1326 3941 1391 4003 Sic

271 4072 397 4141 quoque
437 4060 469 4120 in
507 4059 571 4124 flne
609 4062 710 4124 totius
749 4062 863 4144 capitis
890 4069 964 4145 post
989 4059 1195 4144 proverbium
1225 4057 1297 4123 588
1332 4057 1394 4120 Ιο-

202 4241 207 4248 .
269 4191 343 4240 cum
383 4175 599 4241 obtinuerunt.
666 4177 761 4257 Quod
794 4197 876 4241 vero
910 4175 943 4238 in
975 4176 1131 4240 bleidanii
1168 4195 1267 4258 opere
1302 4194 1393 4259 pro-

262 4293 376 4357 verbia
400 4308 500 4357 sensu
526 4294 684 4359 simillima
707 4315 811 4379 saepe
839 4293 1010 4377 conjuncta
1039 4299 1127 4381 sunt,
1155 4291 1188 4355 id
1213 4309 1278 4354 non
1313 4299 1392 4356 tam
