3126 4958
750 338 955 404 ..ψ-

307 532 360 586 tus
384 519 484 587 umori
505 539 575 586 com
599 524 704 602 mere)
726 522 779 600 25,
801 523 875 586 599.
919 522 1031 588 sobbe
1053 521 1176 599 [mulier
1198 525 1328 603 potens)
1360 521 1421 601 18,

304 629 376 698 213.
425 630 553 694 Sobbun
576 631 727 710 (narrans
751 631 932 701 mendacio)
954 631 1074 704 7,120.
1119 627 1253 712 ‘Sudjahi
1277 631 1425 702 (femina

304 739 470 819 scorteos)
495 740 543 816 ll,
564 739 614 802 38.
659 739 789 802 Sahben
812 737 986 817 (disertus)
1009 738 1038 814 7,
1065 739 1116 800 94.
1143 738 1283 817 25,145.
1308 737 1422 803 Suihd

304 847 333 912 b.
358 848 479 912 Abmru
501 845 694 927 (superbus)
713 845 745 926 2,
777 847 844 908 152.
888 846 988 908 Suihd
1016 847 1045 909 b.
1074 846 1181 908 Alahn
1204 845 1231 909 b.
1262 844 1423 926 Omojjha

301 955 472 1036 (pulcher)
498 957 528 1033 5,
563 954 632 1020 182.
696 954 848 1018 Solnmch
876 956 997 1037 (puello
1024 955 1155 1037 pulchre
1185 954 1325 1034 canens)
1355 954 1419 1029 23,

303 1061 374 1146 516.
419 1063 554 1146 Sollogh
576 1061 684 1142 (cujus
706 1063 839 1143 salignis
861 1063 1045 1124 vindicatus
1075 1081 1139 1124 non
1170 1065 1254 1136 erat)
1289 1061 1337 1140 15,
1359 1063 1421 1126 49.

304 1167 398 1232 Sorih
430 1169 566 1244 (lemine
596 1168 799 1252 grandaevo)
820 1168 874 1246 22,
900 1168 971 1234 223.
1032 1168 1182 1233 Sarkoeb
1203 1169 1421 1250 Aijernrmah

305 1275 442 1358 (lentina
482 1277 632 1357 sopiens)
662 1279 694 1360 6,
728 1277 797 1340 171.
821 1282 933 1352 (serito
965 1279 1040 1340 visu
1063 1277 1244 1360 praeditus)
1271 1281 1302 1358 2,
1339 1279 1422 1372 145.

305 1388 526 1454 Schoronbuts
556 1389 731 1471 (stupidus)
759 1390 791 1471 6,
824 1377 893 1452 179.
934 1391 1087 1462 §circula
1114 1397 1228 1463 (semo
1252 1392 1421 1466 infauste)

304 1496 447 1573 13,153.
497 1497 632 1574 (fidelis)
651 1498 703 1574 25,
731 1497 799 1562 131.
849 1497 1062 1564 Schithsaths
1099 1500 1220 1579 (suren)
1258 1499 1307 1577 12,
1338 1503 1418 1564 105.

302 1603 353 1682 23,-
390 1603 462 1668 525.
514 1605 614 1670 Sinun
643 1607 673 1669 b.
711 1606 950 1670 Abi-Horitsoh
991 1605 1138 1686 (errans)
1176 1608 1225 1684 15,
1261 1606 1419 1680 51.,Α1-

301 1715 404 1776 soleio
432 1714 462 1779 b.
499 1715 678 1778 Alsoloooh
715 1717 868 1788 [celeriter
889 1716 1035 1792 currens)
1064 1715 1115 1791 24,
1149 1717 1219 1781 419.
1284 1713 1418 1794 'l'odjoh

303 1819 432 1902 (furax)
456 1824 507 1901 12,
531 1823 602 1884 127.
624 1823 750 1884 'l'holsil
775 1823 970 1895 (bibentibus
992 1825 1241 1901 superveniens)
1261 1825 1312 1898 26,
1339 1823 1417 1886 106.

303 1931 455 1992 'l'howois
489 1927 661 2004 (inbecillis
696 1928 727 1988 in
755 1926 906 2004 Venere)
936 1927 968 2010 7,
1002 1925 1071 1986 124.
1129 1927 1324 2004 (irtfaustus)
1356 1929 1413 2008 13,
1440 1911 1444 1928 ’

305 2035 376 2097 158.
436 2033 603 2096 'unsilmah
648 2031 778 2113 (mulier
814 2035 1003 2098 lenocinium
1036 2036 1203 2107 exercens)
1238 2032 1296 2104 21,
1339 2030 1413 2096 121.

302 2121 651 2219 9811155405061563)
677 2144 725 2221 16,
746 2143 798 2207 76.

387 2277 440 2339 Ex
461 2276 551 2340 hisce
572 2277 667 2341 modo
690 2278 839 2342 adductis
861 2279 1053 2361 proverbiis,
1083 2274 1221 2340 indolem
1243 2285 1309 2340 tam
1331 2296 1410 2340 eor-

303 2387 389 2466 poris
421 2405 516 2470 quom
546 2388 658 2472 citimi,
691 2387 808 2470 agendi
838 2389 991 2451 rationem
1011 2387 1185 2468 uariasque
1207 2384 1408 2448 conditiones

302 2503 400 2577 atque
421 2496 561 2557 rationes
583 2495 623 2558 ed
646 2497 818 2579 proverbia
839 2497 1032 2559 invenienda
1055 2515 1166 2559 ansam
1188 2496 1299 2570 luisse,
1327 2513 1410 2578 coge

303 2625 439 2672 noscere
460 2607 544 2674 licet.
587 2611 692 2674 Unum
712 2609 914 2692 proverbium
939 2609 977 2674 C.
997 2608 1050 2691 25,
1079 2609 1146 2672 149.
1168 2609 1410 2689 epossessione

301 2715 346 2776 rei
368 2734 459 2778 rome
481 2725 577 2799 atque
605 2721 766 2801 pretiosae
793 2719 945 2800 originem
968 2716 1073 2780 habet.
1115 2717 1150 2776 In
1172 2715 1332 2779 indolibus
1354 2725 1409 2780 et·

303 2841 365 2904 que
386 2825 502 2907 agendi
523 2828 696 2890 rationibus
718 2845 778 2887 non
803 2835 868 2888 tom
888 2824 919 2886 in
932 2826 1087 2906 personis,
1113 2824 1225 2904 quibus
1242 2825 1314 2886 illae
1335 2844 1411 2905 pro-

302 2932 390 3012 priae
412 2939 513 3015 erent,
536 2951 629 3014 quam
652 2934 682 2994 in
704 2934 747 3006 vi,
773 2951 866 3014 qnam
895 2933 927 2994 in
949 2933 1027 2994 alios
1048 2931 1201 2992 haberent
1222 2940 1277 2995 aut
1298 2929 1407 3013 modo,

303 3059 366 3123 quo
389 3059 427 3103 se
449 3041 666 3126 ostenderent,
690 3059 789 3104 causa
810 3041 991 3123 quaerenda
1014 3049 1078 3124 est,
1104 3059 1162 3101 cur
1183 3041 1213 3102 in
1236 3041 1408 3122 proverbia

303 3153 469 3215 cesserint.
511 3154 549 3212 ln
570 3151 702 3213 scholiis
729 3149 769 3212 ed
792 3151 909 3214 Horirii
939 3167 1020 3233 opus
1043 3146 1089 3230 (p.
1119 3151 1182 3211 449
1205 3148 1254 3212 ed.
1278 3149 1318 3212 de
1341 3149 1408 3212 So-

302 3262 360 3340 cy)
382 3256 697 3344 Abu-thoidchum
718 3259 959 3341 grammaticum
982 3259 1127 3320 miratum
1158 3277 1234 3320 esse
1256 3257 1405 3339 legimns,

301 3367 387 3451 quod
407 3368 542 3450 Moderi,
566 3370 628 3431 viri
650 3369 786 3446 obscuri,
812 3389 908 3431 unum
931 3369 1051 3430 fuctum
1081 3368 1184 3440 (conf.
1207 3368 1246 3430 C.
1268 3368 1298 3445 2,
1325 3365 1405 3446 140)

300 3475 461 3558 proverbii
483 3477 697 3560 consuluerit,
720 3476 1138 3558 siquidemEb11·Alsoboiri
1154 3476 1298 3552 avaritie,
1323 3493 1407 3556 quae

299 3591 387 3646 tanto
409 3584 514 3668 inerit,
535 3598 570 3648 ot
592 3595 658 3650 tom
678 3588 711 3649 in
731 3589 841 3650 verbis
866 3607 960 3670 quam
984 3589 1015 3650 in
1039 3585 1135 3649 factis
1157 3585 1348 3666 saepissime
1369 3603 1405 3646 se

299 3688 565 3771 manifestaverit,
598 3697 721 3761 nullum
748 3696 951 3778 proverbium
985 3694 1181 3777 produxerit.
1229 3693 1321 3756 Aliae
1351 3711 1404 3754 res

298 3799 495 3882 singulorum
508 3809 629 3866 tantum
645 3803 896 3882 proverbiorum,
917 3791 999 3865 oliae
1011 3801 1144 3882 plurium
1166 3817 1283 3862 causae
1305 3807 1404 3874 erant,

70 3961 75 3970 .
181 3985 183 3992 s
254 3989 259 3998 ⁵
295 3909 332 3962 ut
354 3920 416 3982 quo
446 3907 579 3986 gravior
607 3917 662 3971 aut
684 3913 875 3992 praeclarior
901 3923 957 3976 ont
987 3914 1108 3994 turpior
1136 3912 1260 3975 indoles
1279 3963 1282 3966 .
1303 3920 1404 3994 esset,

294 4028 334 4072 eo
376 4015 479 4094 aptior
513 4016 674 4080 Arobibus
705 4020 744 4082 od
779 4025 949 4103 proverbio
992 4021 1183 4084 inveniendo
1228 4021 1403 4086 videretur.

185 4113 188 4118 ’
296 4119 354 4184 Sic
374 4120 575 4202 hospitalitas
586 4146 713 4202 novem,
737 4129 948 4192 beneficentio
966 4138 1111 4214 quotuor,
1127 4129 1210 4192 fides
1222 4140 1306 4207 octo,
1328 4138 1401 4192 stu-

298 4229 416 4314 piditas
438 4229 558 4313 deoem,
578 4238 728 4318 potentie
742 4257 820 4320 sen,
857 4237 997 4303 conditio
1019 4239 1154 4304 infausti
1191 4257 1267 4321 sex,
1292 4238 1402 4302 vilitas
