3126 4958
625 329 630 356 ⁸
816 363 838 426 o

278 555 319 624 ob
344 569 475 622 oausam
499 552 679 620 recentiora
716 549 891 636 appellavi,
924 547 1009 634 quod
1045 549 1155 635 lingua
1171 550 1288 616 Latina
1311 571 1379 616 vo-

279 673 408 760 cabulo,
435 690 497 755 quo
524 671 708 736 accuratius
736 669 955 751 designentur,
980 677 1078 732 caret.
1105 671 1283 734 Proverbia
1296 670 1382 735 haec

277 783 410 884 ostis
434 787 596 873 appellata
635 787 675 849 ab
701 787 864 849 Arabibus
898 786 996 849 urbes
1031 804 1069 848 ao
1093 785 1188 849 vicos
1213 786 1383 850 incolenti-

276 917 350 1000 bus,
382 932 514 998 quorum
551 912 660 994 lingua
699 911 739 975 ob
767 920 912 974 mutuum
953 912 1093 993 plurium
1118 914 1265 998 gentium
1291 931 1383 998 com-

277 1031 432 1096 mercium
459 1050 479 1093 a
503 1027 641 1109 pristino
668 1036 758 1090 statu
785 1028 938 1109 paulatim
964 1038 1089 1094 remota
1116 1038 1198 1115 erat,
1224 1031 1383 1114 originem

278 1150 422 1213 traxisse
447 1156 610 1230 putantur.
661 1149 697 1210 ln
723 1147 814 1209 bisce
840 1147 970 1228 proprie
996 1147 1082 1210 dicta
1115 1147 1288 1229 proverbia
1312 1167 1383 1212 cum

278 1262 532 1346 proverbialibus
563 1261 776 1328 locutionibus
803 1261 904 1324 mixta
929 1261 1089 1326 videntur.
1131 1263 1226 1342 Quod
1252 1263 1384 1326 Meida-

281 1380 354 1442 nius
383 1379 519 1442 alteram
544 1379 683 1440 classem
709 1399 729 1442 a
754 1377 862 1460 priore
904 1395 964 1438 suo
992 1377 1132 1442 inlibro
1158 1379 1316 1465 distinxit,
1350 1381 1383 1443 id

276 1493 371 1558 laude
411 1493 634 1578 dignissimum
671 1503 734 1557 est.
800 1493 911 1556 'l'ertia
946 1503 1054 1557 autem
1089 1517 1166 1580 pars
1199 1497 1383 1560 novissimis

277 1611 460 1694 proverbiis
487 1619 626 1697 constat,
654 1629 735 1692 quae
762 1619 838 1694 post
861 1610 1017 1674 Meidanii
1039 1585 1164 1697 ternpus¹
1191 1623 1263 1677 orta
1287 1615 1383 1676 novis

278 1747 412 1813 semper
438 1735 533 1793 aucta
558 1738 633 1793 sunt
660 1737 694 1791 et
720 1737 888 1812 erigentur.
949 1727 1140 1796 Sententiae
1180 1739 1256 1794 sunt
1282 1727 1378 1812 atque

276 1844 499 1926 proverbiales
527 1844 723 1924 locutiones,
759 1861 842 1922 quae
868 1849 923 1902 aut
949 1817 1099 1903 sermone
1125 1845 1245 1924 regulis
1274 1863 1384 1926 gram-

278 1959 401 2022 maticis
443 1963 520 2036 apto
549 1965 605 2017 aut
630 1955 758 2036 vulgari
794 1953 921 2032 prolata
942 1962 1027 2012 sunt.
1074 1957 1203 2018 Tertius
1225 1955 1277 2015 bic
1302 1974 1382 2034 pro-

277 2073 466 2134 verbiorum
505 2070 583 2132 ordo
617 2077 683 2130 tam
709 2067 824 2128 merito
852 2085 944 2148 quarn
969 2076 1132 2129 momento
1156 2067 1287 2129 inferior
1309 2077 1380 2152 est;

278 2197 424 2270 tempore
452 2163 547 2273 enim,
592 2204 654 2268 quo
692 2191 764 2244 orta
790 2190 876 2262 sunt,
903 2183 1031 2244 Arabes
1058 2185 1168 2246 varias
1195 2185 1235 2246 ob
1267 2205 1381 2250 causas

275 2303 391 2367 mutati
416 2322 456 2367 ao
484 2300 629 2383 corrupti
656 2307 758 2362 erant.
787 2301 943 2362 Attamen
970 2318 1066 2380 quum
1088 2300 1221 2368 ,Arabes
1237 2277 1382 2367 novissi-

277 2423 320 2486 mi
358 2423 515 2506 temporis
549 2443 568 2485 a
600 2419 770 2483 veteribus
804 2417 985 2499 proverbiis
1020 2419 1207 2484 adhibendis
1233 2440 1296 2484 non
1321 2423 1383 2484 ab·

279 2539 442 2624 horreant,
468 2547 588 2601 vetera
613 2535 829 2626 proverbiaia
854 2533 950 2596 novis
978 2533 1192 2621 distinguere,
1217 2555 1272 2600 res
1299 2537 1382 2599 laci-

276 2655 316 2718 lis
338 2673 402 2718 non
428 2663 481 2717 est
506 2653 662 2736 putanda.
714 2651 840 2730 Quibus
867 2658 976 2712 autem
1001 2650 1033 2712 in
1058 2653 1239 2732 proverbiis
1252 2669 1382 2715 sermo-

275 2773 325 2836 nis
351 2775 499 2859 vulgaris
526 2795 607 2838 usus
635 2781 782 2857 apparet,
810 2792 850 2835 ea
877 2769 1065 2832 novissimis
1093 2772 1293 2852 temporibus
1320 2769 1382 2832 ad-

276 2889 448 2954 scribenda
476 2909 554 2952 esse
576 2890 705 2954 dubium
731 2895 882 2958 nonest.
1283 2973 1286 2980 1

348 3007 527 3070 Proverbia
551 3007 693 3071 Arabica
719 3006 862 3088 quamvis
878 3006 1045 3088 asingulis
1055 3005 1205 3095 personis
1228 3005 1383 3089 originem
1496 3065 1500 3070 .

241 3170 244 3176 .
276 3119 526 3208 trahunt,quum
554 3126 593 3186 ob
616 3125 725 3208 gentis
752 3141 847 3185 usum
872 3123 904 3187 in
929 3122 1195 3185 consuetudinem
1220 3123 1381 3206 venerint,

279 3245 385 3300 tamen
412 3240 472 3301 toti
485 3239 577 3323 genti
602 3239 813 3321 adjudicanda
838 3248 924 3301 sunt.
954 3239 1045 3318 Quae
1073 3240 1176 3302 resin
1205 3247 1382 3324 causaest,
1410 3295 1413 3302 r

283 3371 339 3417 cur
383 3371 455 3418 oum
503 3362 602 3440 gente
642 3355 752 3416 intime
794 3355 987 3440 conjuncta,
1029 3375 1111 3438 quae
1151 3357 1221 3439 ejus
1257 3355 1383 3418 indoles

205 3535 209 3544 ,
286 3471 468 3556 agendique
494 3473 575 3536 ratio
592 3473 643 3550 sit,
669 3472 789 3552 optime
808 3491 868 3534 nos
896 3473 1045 3550 doceant.
1073 3473 1186 3536 Omnia
1210 3475 1274 3558 illo,
1302 3491 1383 3554 quae

281 3587 383 3650 menti
408 3587 566 3650 humanae
598 3587 630 3647 in
656 3587 803 3652 omnibus
837 3589 989 3673 gentibus
1020 3589 1135 3650 eodem
1164 3587 1261 3650 modo
1286 3589 1383 3650 insita

279 3711 368 3788 sunt,
402 3699 449 3764 in'
468 3702 648 3783 proverbiis
683 3704 819 3768 omnium
853 3703 999 3788 gentium
1035 3702 1149 3766 eodem
1182 3703 1278 3766 modo
1320 3725 1382 3770 ex.

278 3837 399 3902 pressa
423 3839 462 3884 se
492 3821 677 3908 ostendent,
703 3841 784 3902 quae
810 3831 920 3886 autem
945 3821 1028 3883 inter
1053 3823 1163 3885 varias
1190 3829 1305 3906 gentes
1332 3822 1384 3885 di-

276 3945 472 4002 versatum
500 3941 664 4024 cogitandi
694 3950 761 4006 turn
786 3942 907 4028 agendi
934 3942 1016 4003 ratio
1043 3941 1187 4026 exsistit,
1213 3938 1328 4001 eadem
1352 3939 1384 4000 in

278 4053 462 4132 proverbiis
489 4055 651 4118 variarum
680 4059 826 4142 gentium
852 4059 983 4122 diverso
1010 4056 1105 4119 modo
1132 4055 1262 4137 depicta
1278 4073 1384 4134 appa·

277 4168 379 4230 rebit.·
421 4170 549 4234 Arabes
585 4192 683 4256 quum
709 4175 780 4235 solo
807 4181 843 4236 et
868 4175 952 4238 ooeli
979 4172 1136 4254 temperie
1168 4170 1208 4236 ab
1234 4169 1305 4231 aliis
1333 4168 1384 4229 di-

282 4301 400 4348 versas
427 4286 580 4371 regiones
607 4287 785 4356 incolerent
812 4298 847 4352 et
872 4289 912 4358 ab
938 4287 1169 4375 antiquissimis
1186 4285 1382 4368 temporibus
