3022 4940
741 319 1080 410 -aro-'

305 553 356 606 ter
381 541 452 624 ejus
480 554 658 626 cognomen
685 529 819 617 Ml
846 535 1003 619 babebat)
1039 535 1274 621 Almauneli*)
1311 543 1419 603 natus

304 677 387 722 suno
417 655 499 741 150,
524 673 638 718 menae
663 651 866 718 ltamadbuni
890 651 965 715 anni
990 649 1084 738 285,
1117 650 1298 718 secundnm
1324 653 1417 716 alios

303 793 417 838 manso
449 768 637 836 Sobawwal
668 778 725 833 aut
764 785 876 834 mense
915 764 1182 849 Dan-l’llidjrljab
1222 767 1296 830 anni
1332 769 1416 834 236

304 899 451 954 mortuos
477 892 540 951 eat·
576 885 720 950 Plurinm
748 883 967 966 scientiarum,
983 893 1021 948 ut
1045 884 1290 971 grammatices,
1318 886 1415 953 lexi-

302 1002 510 1092 cograpbiae,
525 1003 650 1088 poesis,
676 1000 933 1088 metaphysicae,
955 1000 1233 1084 jurisprudentiae
1258 999 1414 1068 doctrina

302 1119 441 1184 imbutus
469 1124 582 1182 cantus
608 1123 678 1180 arte
706 1115 870 1180 excelluit.

373 1254 397 1318 J
406 1271 513 1316 unus
538 1252 571 1317 b.
593 1252 730 1316 Habib
756 1250 816 1332 (C.
846 1250 906 1338 15,
934 1250 992 1316 18.
1021 1251 1080 1339 18,
1106 1250 1167 1316 46.
1195 1251 1310 1335 1113.)ο
1335 1255 1411 1320 Ju-

299 1391 362 1434 nus
388 1369 417 1436 b.
455 1369 562 1434 Habib
595 1367 998 1455 Abu-Abbd-Alrabman,
1024 1368 1127 1433 cliens
1152 1369 1262 1453 gentis
1286 1371 1408 1436 Banu-

297 1487 391 1551 lraits
427 1485 458 1550 b.
485 1486 569 1550 llecr
601 1487 634 1550 b.
659 1487 772 1550 Manat
814 1484 847 1547 b.
874 1483 1029 1548 Cenanah
1064 1483 1169 1548 luisse
1194 1484 1320 1554 dicitur.
1347 1490 1406 1553 Ab

298 1605 369 1670 aliis
411 1621 492 1668 vero
530 1602 594 1666 boo
631 1600 816 1667 indubium
851 1608 1000 1667 vocatur.
1057 1602 1182 1664 Auctor
1205 1603 1277 1668 libri
1293 1599 1405 1694 ,blan

297 1715 385 1816 μὴ
412 1713 537 1815 (pit-⁴
555 1712 605 1805 i),
634 1739 709 1783 enm
736 1718 878 1782 Arabem
905 1735 969 1780 nou
994 1717 1118 1798 luisse3
1144 1717 1205 1781 aed
1230 1719 1403 1786 oriundum

296 1855 314 1900 e
343 1845 439 1921 gente
463 1835 608 1920 regionis
632 1833 693 1895 Ad
699 1834 819 1915 jebal
843 1809 930 1912 Adi
955 1832 1137 1916 appellatae
1152 1831 1241 1898 dicit.
1268 1833 1403 1918 Optime

294 1969 416 2039 gnarus
434 1949 605 2012 formarum
622 1947 851 2031 grammatices
866 1943 976 2033 ,solt
1003 1941 1138 2044 trimi-0³
1168 1959 1249 2015 erat.
1272 1951 1403 2018 Socios

294 2064 526 2130 Abu-Ahmrui
551 2064 584 2127 b.
605 2060 721 2128 Alabla
756 2066 884 2128 Bezrae
924 2064 1045 2128 docuit.
1099 2061 1401 2134 Abu-l'Alrbbasus

292 2181 434 2246 'l'sahlab
460 2179 613 2258 narravit,
638 2198 713 2242 eum
728 2180 839 2261 plures
856 2199 953 2263 quam
973 2189 1102 2244 centum
1127 2201 1230 2246 moos
1255 2184 1397 2254 vixisse.

291 2303 440 2366 Mortuus
480 2305 534 2363 est
586 2314 669 2361 anno
711 2271 801 2362 183.
861 2279 1050 2363 ‘Multorum
1088 2300 1241 2364 librorum
1278 2313 1398 2368 auctor

290 2427 352 2487 cst.

364 2549 645 2615 Aliztbacbri
684 2548 743 2632 (C.
783 2549 842 2639 12,
886 2551 973 2636 lb).
1011 2551 1121 2616 Pauca
1153 2549 1194 2616 ds
1228 2552 1292 2618 hoo
1320 2559 1393 2621 viro

287 2678 364 2733 nota
392 2677 479 2735 sunt.
529 2669 605 2733 Non
632 2667 753 2754 dubito,
785 2668 860 2750 quin
896 2668 948 2732 hic
976 2668 1007 2732 in
1033 2668 1186 2734 Meidunii
1212 2689 1313 2753 opere
1340 2675 1391 2738 ci-

286 2794 375 2850 tatus
413 2805 528 2851 nomen
565 2787 709 2873 gesserit
760 2786 954 2852 Abu-lshalr
988 2786 1130 2850 Alfaresi
1170 2794 1206 2852 ct
1230 2787 1391 2854 librum

286 2903 499 2967 climatum
540 2904 760 2986 composuerit
793 2921 814 2964 a
841 2903 968 2968 clariss.
999 2904 1158 2968 bloellero
1193 2904 1318 2970 editum
1344 2909 1397 2972 ita.

283 3029 322 3085 ut
363 3019 506 3084 codicem
533 3018 772 3100 perfectissime
798 3019 988 3084 imitaretur.
1052 3021 1115 3084 llic
1153 3021 1206 3088 vir
1226 3021 1389 3086 *doctissi-

282 3157 353 3202 mus
380 3158 422 3200 ex
448 3137 521 3218 ipso
547 3152 645 3217 opere
671 3142 837 3200 auctorem
850 3135 935 3199 inter
960 3155 1078 3200 armum
1102 3135 1298 3202 sua-3⁰7
1328 3152 1390 3204 aut

281 3251 355 3316 309
383 3271 464 3336 opus
504 3249 686 3316 coniecisse
712 3251 857 3334 conjecit.
927 3255 1010 3319 llum
1042 3273 1169 3338 quoque
1201 3256 1316 3320 librum
1343 3257 1386 3320 de

279 3369 461 3452 proverbiis
487 3372 712 3455 composuisse
738 3392 782 3435 ex
803 3371 914 3435 verbis
941 3373 1163 3438 commentarii
1186 3374 1386 3440 Moitlanen-

279 3486 326 3549 sis
363 3489 527 3572 conjicere
563 3489 647 3552 licet.
698 3489 775 3551 Non
801 3497 909 3553 autem
935 3497 990 3551 est
1014 3489 1143 3552 silentio
1169 3492 1385 3573 praetermit-

277 3607 418 3690 tendum,
443 3611 586 3674 auctoris
605 3629 720 3674 nomen
747 3611 778 3672 in
797 3609 896 3691 primo
922 3607 1046 3674 codicis
1074 3608 1153 3673 folio
1164 3608 1268 3690 prima
1284 3629 1385 3674 manu

276 3723 432 3805 scriptum
459 3743 552 3787 esse:
579 3721 717 3810 25stth
743 3717 872 3820 &2⁰³⁸
897 3719 969 3822 &ie
993 3721 1052 3822 tspi
1072 3719 1184 3834 gaioli
1210 3723 1385 3812 „Sciruich

322 4064 360 4121 a)
378 4061 537 4125 cognomen
555 4059 708 4112 Almauaell
725 4055 786 4125 ejus
803 4063 882 4124 pater
896 4063 1012 4129 accepit,
1030 4063 1102 4129 quoi
1119 4077 1167 4131 per
1178 4066 1289 4130 aliquod
1303 4071 1381 4120 tem·

370 4165 421 4217 pua
444 4152 571 4202 bissulae
593 4151 775 4216 habitaverat;
799 4153 928 4206 oriundas
951 4157 1021 4208 enlm
1046 4163 1108 4211 erat
1129 4172 1146 4210 o
1170 4161 1255 4224 gente
1272 4157 1381 4212 celebri

373 4245 492 4298 Persica.
510 4249 539 4297 et
556 4255 625 4294 avus
643 4239 704 4307 ejus
722 4243 819 4296 Gutum
837 4248 1092 4314 transmigraverat.
