3126 4958
586 382 922 497 ..Ι-34-

273 564 360 648 146,
387 567 520 630 claudus
550 565 664 630 naturi
692 572 745 628 ast
765 563 878 628 debilis
900 559 953 640 26,
977 561 1057 646 125,
1081 564 1210 644 capiens
1230 563 1373 646 sagitta·

272 695 342 740 rum
364 692 479 738 crenas
500 683 552 738 ost
567 672 717 754 jaculans
741 671 790 754 10,
826 669 909 752 197,
934 687 1019 734 uvas
1041 689 1061 731 e
1081 670 1192 732 rubeto
1217 670 1373 752 colligens

273 791 324 848 est
342 783 454 848 debilis
487 783 539 866 18,
562 781 645 864 255,
679 781 733 862 qui
762 797 847 842 uvas
868 797 887 840 e
907 778 995 843 aerio
1016 777 1113 841 edero
1137 781 1216 855 vult,
1238 788 1290 842 est
1312 779 1374 842 de-

270 886 343 954 bilis
366 889 418 968 18,
437 889 518 966 254,
542 889 574 950 in
598 906 690 970 quem
712 887 828 967 vulpes
849 886 971 969 minxit,
994 885 1105 950 debitis
1125 885 1156 964 9,
1173 886 1237 969 57,
1259 905 1375 969 aquam

272 1017 369 1060 manu
392 997 523 1077 capiens
544 996 719 1056 frustratus
747 994 778 1077 7,
801 992 872 1058 120.
926 993 1057 1074 Captivi
1079 993 1157 1058 fumi
1176 1001 1267 1057 erant
1287 993 1375 1058 avidi

270 1103 304 1184 5,
328 1102 397 1169 177.
438 1101 624 1166 Fraudatus
642 1109 694 1164 est
719 1099 876 1181 jacturam
897 1099 1072 1181 faciens-7,
1096 1098 1166 1172 119,
1190 1109 1288 1164 noctu
1309 1101 1375 1183 lig·

271 1231 313 1274 na
334 1210 491 1294 colligans
511 1217 563 1272 est
581 1205 748 1270 offendens
769 1206 801 1288 7,
826 1207 909 1290 134,
937 1209 1079 1271 alearum
1100 1207 1173 1270 ludo
1194 1209 1302 1270 victus
1324 1221 1376 1272 est

269 1315 408 1398 pavidus
439 1312 488 1392 16,
517 1313 579 1395 75,
613 1315 751 1376 alearum
783 1312 848 1375 ludi
877 1333 941 1375 non
962 1315 1123 1395 particeps
1146 1315 1186 1376 olr
1207 1314 1376 1378 avariciam

270 1431 321 1484 est
343 1423 416 1484 vilis
446 1419 500 1502 23,
531 1420 602 1486 501.
634 1417 716 1496 502,
746 1418 860 1482 molles
890 1418 1013 1500 lapides
1036 1419 1155 1482 fricans
1178 1429 1228 1482 est
1250 1422 1375 1483 otiosus

269 1529 320 1606 20,
342 1529 405 1611 88,
427 1529 511 1612 aqua
531 1528 719 1590 submersus
741 1536 793 1591 cst
814 1527 1078 1608 desperabundus
1100 1528 1150 1605 28,
1176 1526 1245 1594 126.
1284 1528 1376 1608 Sub·

268 1655 396 1702 mersus
418 1637 660 1720 margaritarum
677 1654 774 1698 onere
798 1642 867 1696 erat
890 1653 1027 1717 gemens
1049 1634 1102 1717 23,
1124 1634 1210 1718 513,
1232 1653 1375 1699 necnon

269 1765 385 1810 saxum
420 1755 551 1809 vertens
575 1741 638 1824 123,
677 1742 749 1810 515.
807 1744 960 1806 Camelos
987 1744 1159 1832 scabiosos
1179 1745 1302 1808 habens
1324 1751 1375 1806 est

268 1856 426 1918 mentiens
447 1851 499 1928 22,
519 1851 600 1922 215,
636 1851 684 1910 sic
706 1868 833 1930 quoque
855 1853 965 1910 mulier
986 1851 1135 1930 butyrum
1156 1870 1301 1932 purgans
1323 1851 1376 1928 22,

267 1961 337 2028 216.
381 1958 612 2022 calumniatrix
639 1962 690 2016 est
710 1954 826 2016 celeris
848 1953 896 2030 12,
925 1952 1006 2036 120,
1040 1963 1209 2017 contentus
1232 1963 1293 2018 est·
1305 1977 1369 2037 po-

268 2079 341 2134 tens
365 2066 415 2148 18,
437 2064 514 2144 2193
546 2063 660 2143 pellem
682 2081 781 2143 super
808 2061 956 2122 sordibus
983 2063 1176 2124 concinnans
1198 2071 1249 2126 est
1269 2065 1374 2145 stupi-

269 2173 328 2238 dus
350 2171 381 2255 6,
406 2172 474 2238 177.
519 2170 662 2234 Castrati
684 2169 829 2250 lacryma
851 2176 904 2230 est
925 2169 1039 2230 coleris
1064 2168 1114 2250 12,
1140 2168 1218 2248 tte,
1242 2171 1292 2233 lac
1313 2190 1373 2236 su·

269 2297 352 2362 gens
383 2297 402 2340 e
431 2278 578 2342 mammis
619 2283 672 2338 est
711 2277 784 2338 vilis
812 2272 878 2358 23,
904 2273 977 2341 499.
990 2319 1000 2357 ,
1043 2277 1097 2357 qni
1130 2277 1190 2340 cibi
1220 2279 1371 2362 reliquias

269 2388 418 2452 dentibus
447 2384 660 2448 adhaerentes
689 2381 766 2464 edit,
797 2383 872 2445 vilis
902 2391 952 2444 est
973 2381 1024 2455 23,
1056 2381 1128 2449 500.
1177 2385 1280 2447 ludex
1303 2388 1372 2450 So.

272 2496 358 2560 domi
380 2493 516 2575 injustus
537 2489 726 2572 appellatur.
748 2489 782 2573 5,
804 2487 874 2554 194.
991 2561 994 2566 ,

352 2599 392 2680 b)
416 2596 614 2680 Corporis
642 2595 810 2684 ‚humani
847 2602 992 2678 portes
1020 2604 1082 2662 etc.
1131 2597 1236 2660 Latus
1265 2601 1374 2684 anguli

269 2707 427 2768 interioris
457 2706 555 2768 oculis
581 2704 687 2768 celero
713 2701 867 2782 26,111.,
898 2705 992 2766 crinis
1019 2704 1170 2768 deciduus
1194 2715 1373 2770 contemtus

270 2811 427 2894 27,168,
452 2813 597 2875 calvities
617 2809 702 2874 nuda
734 2801 869 2892 5,180.,
902 2813 1035 2874 canities
1056 2814 1239 2884 mulieribus
1262 2815 1373 2879 odiosa

269 2918 392 2996 2,165.
424 2921 610 3002 appellatur.
664 2917 809 2980 Canities
838 2918 870 2980 in
893 2917 1098 3000 juventutem
1123 2922 1296 3004 ingreditur
1320 2921 1370 3006 16,
1420 2963 1425 2974 ·

268 3023 320 3092 83.
363 3025 458 3106 Oculi
484 3026 624 3094 ‚nictatio
663 3026 776 3087 celeris
805 3029 855 3088 est
883 3027 1029 3110 12‚122.
1072 3031 1189 3094 Facies
1211 3041 1373 3095 mercato·

272 3153 341 3198 rum
371 3133 433 3218 die,
466 3153 528 3216 quo
563 3149 688 3194 merces
717 3152 780 3196 non
808 3133 1007 3216 venduntur,
1040 3138 1152 3202 odiosa
1186 3149 1237 3202 est
1258 3140 1289 3218 2,
1314 3140 1372 3208 165

207 3237 210 3242 ’
269 3243 360 3304 Dens
389 3243 559 3303 esurientis
587 3240 764 3302 vehemens
795 3239 851 3325 13,
877 3241 956 3316 162,
991 3244 1071 3307 dens
1102 3248 1232 3310 molaris
1268 3268 1373 3312 vorax

183 3391 187 3398 -
268 3348 378 3410 (licitur
400 3347 429 3425 7,
453 3347 524 3414 412.
567 3349 695 3411 Arteria
723 3349 796 3432 colli
816 3350 992 3434 propinqua
1020 3362 1071 3414 est
1094 3354 1145 3431 21,
1168 3353 1249 3438 144,
1271 3357 1374 3419 crines

268 3455 407 3536 pectoris
428 3451 552 3518 adsidui
572 3464 646 3517 sunt
665 3454 718 3532 23,
748 3455 819 3522 491.
872 3459 984 3520 Motus
1006 3479 1121 3522 manus
1144 3471 1196 3524 est
1214 3464 1298 3524 celer
1322 3464 1370 3540 12,

270 3561 354 3641 142,
376 3580 490 3624 manus
512 3561 552 3622 ad
575 3581 613 3626 os
634 3562 730 3626 ducto
752 3573 802 3626 est
824 3566 936 3628 celeris
961 3566 1111 3649 12,111.,
1133 3587 1247 3632 manus
1264 3571 1312 3634 ad
1334 3589 1373 3638 os

268 3669 388 3733 directa
402 3678 460 3732 -est
481 3665 533 3753 21,
557 3667 627 3736 146.
649 3679 681 3731 ct
701 3670 796 3734 ducta
818 3670 870 3754 27,
897 3673 965 3749 171,
989 3693 1103 3737 manus
1124 3685 1211 3738 recta
1222 3678 1372 3740 sinistrae

267 3776 400 3841 adsidua
421 3785 473 3840 est
496 3776 546 3853 23,
569 3774 644 3860 493,
666 3795 779 3840 manus
803 3778 835 3839 in
850 3787 939 3842 utero
954 3779 1118 3845 haesitans
1137 3783 1186 3868 18,
1208 3785 1292 3868 214,
1316 3793 1371 3848 at-

267 3887 367 3950 tonita
389 3882 511 3969 6,209.,·
524 3884 635 3947 debilis
658 3883 779 3967 15,46,
791 3885 864 3948 vilis
888 3896 948 3949 est.
968 3887 1000 3968 9,
1010 3887 1060 3953 47.
1086 3890 1172 3953 Vola
1184 3911 1296 3956 monus
1319 3902 1370 3956 est

265 3997 351 4062 nuda
373 3997 425 4074 18,
447 3995 531 4078 262,
555 4012 634 4080 pura
656 3995 707 4074 25,
730 3995 800 4063 136.
854 3998 985 4082 Digitus
1013 4009 1064 4064 est
1084 4002 1190 4066 nudus
1213 3996 1264 4087 18,
1286 4004 1369 4082 262,,

265 4108 356 4194 digiti
378 4106 563 4170 extremitas
584 4106 719 4186 pulposa
740 4103 850 4170 brevis
870 4107 922 4185 21,
946 4108 1015 4175 140.
1058 4111 1124 4174 Pes
1145 4122 1196 4176 est
1217 4113 1368 4186 incedens

266 4205 319 4300 12,
344 4214 425 4300 136,
447 4232 538 4277 crura
558 4205 699 4296 sponsae
721 4215 852 4296 pulchra
874 4214 1003 4301 sontii,
1024 4216 1095 4284 206
