3082 4942
740 315 968 384 ..ἢθη

301 512 364 556 non
384 494 428 557 sit
447 493 500 575 24,
520 495 592 562 247.
636 499 829 566 Remedium
850 511 882 568 ει
901 506 1013 588 fugam
1027 511 1306 597 appropinquante
1323 525 1416 588 malo

299 617 437 683 quaeras
461 601 500 686 6,
530 604 579 673 64.
610 609 688 672 corrl
717 609 772 690 18,
800 613 850 678 42.
881 624 913 677 ει
935 634 954 676 ε
975 617 1119 697 periculo
1141 616 1336 702 te¹liberes¹
1355 631 1411 707 20,

300 705 353 774 42.
395 709 499 794 Fuga,
523 722 599 777 nte
629 718 740 781 mortis
769 721 908 802 periculo
928 724 1118 807 evadamus,
1147 737 1336 802 excusanda
1359 751 1416 806 est

300 813 445 892 20,114.
489 818 538 885 23.
560 819 632 886 266.
675 824 785 908 (suge
806 845 934 912 quoque
952 831 1114 898 deridetur
1128 838 1178 916 28,
1203 841 1293 917 246.)
1337 846 1413 911 ce.

299 920 407 987 leriter
428 926 612 1009 fugiendum
635 939 686 992 εει
707 924 738 994 iri
760 954 795 996 re
816 939 999 1018 periculoso
1021 943 1073 1025 20,
1095 945 1145 1012 32.
1189 951 1273 1014 Dum
1288 972 1308 1015 a
1322 958 1414 1022 rnalo

298 1033 389 1118 fugis
418 1033 454 1114 7,
488 1039 553 1116 42.,
585 1058 696 1105 omnes
717 1043 804 1107 vires
824 1040 955 1111 adhibe!
981 1049 1011 1128 5,
1035 1049 1085 1118 bl.
1130 1057 1168 1120 Si
1190 1054 1262 1139 quis
1283 1061 1315 1124 in
1337 1083 1412 1130 rem

299 1141 513 1223 periculosam
541 1147 657 1225 incidit,
694 1150 871 1215 concedere
904 1154 1020 1242 debet,
1051 1162 1137 1242 quod
1169 1167 1307 1253 petitur,
1328 1182 1366 1235 ut
1391 1195 1413 1238 e

297 1252 440 1334 periculo
462 1255 614 1320 liberetur
636 1259 686 1336 24,
708 1259 797 1344 360,
822 1284 893 1328 narn
916 1271 1035 1334 malum
1057 1291 1076 1334 a
1098 1283 1131 1336 te
1153 1261 1306 1358 depellas
1319 1302 1411 1366 quo-

282 1376 423 1444 ,eunque
451 1363 547 1426 modo
572 1365 602 1443 8,
626 1367 700 1451 19.;
750 1371 801 1455 21,
826 1374 875 1440 28.
918 1376 1049 1445 Nexum
1070 1400 1204 1463 repares
1226 1394 1256 1470 1,
1279 1387 1308 1456 9.
1317 1410 1327 1473 3
1349 1396 1408 1462 in..

297 1466 422 1533 tardum
442 1471 555 1536 leniter
578 1475 704 1553 agendo
727 1497 813 1542 noxa
831 1485 970 1563 reparari
991 1495 1101 1568 potest
1122 1491 1157 1568 7,
1179 1493 1249 1560 164.
1291 1501 1345 1566 Νε
1372 1517 1411 1574 te

296 1573 381 1636 malo
414 1595 558 1658 exponas
587 1579 618 1665 3,
643 1581 693 1648 72.
713 1583 781 1665 80.;
804 1585 863 1648 εε11
884 1587 915 1650 id
938 1592 1072 1655 transire
1092 1594 1181 1659 sinas
1200 1598 1240 1692 8,
1255 1600 1306 1666 37.
1348 1605 1384 1666 N
1386 1627 1409 1672 e

295 1698 395 1764 prope
416 1683 457 1748 ad
477 1689 593 1751 melum
614 1691 767 1775 accedas,
789 1693 850 1756 sed
871 1715 891 1758 ε
915 1696 1087 1783 longinquo
1116 1705 1288 1773 remedium
1307 1721 1409 1793 petas

295 1787 348 1873 25,
370 1790 421 1857 20.
461 1793 619 1859 Remedia
640 1808 752 1864 contra
774 1802 987 1868 calamitatem
1010 1827 1073 1870 oon
1097 1809 1223 1892 desunt,
1250 1818 1310 1880 sed
1335 1820 1405 1884 de-

276 1895 368 1961 ,bilis
390 1897 428 1958 iis
450 1918 513 1960 non
536 1903 633 1964 utitur
653 1904 705 1979 24,
728 1905 800 1971 311.
844 1908 1001 1976 Socordio
1022 1900 1178 1999 fugienda
1198 1929 1247 1984 est
1265 1921 1306 2005 2,
1329 1925 1404 2013 67.;

295 1999 347 2062 εει
359 2003 441 2068 enim
454 2016 551 2086 caput
560 2010 768 2090 ignorantiae.
777 2014 824 2090 10,
838 2015 922 2100 208,
945 2030 978 2083 ει
991 2022 1111 2089 incuria
1123 2039 1175 2092 est
1188 2032 1402 2114 vituperanda
1497 2021 1498 2054 ³

296 2111 325 2184 1,
347 2107 419 2175 389.
427 2128 436 2191 3
460 2130 532 2175 nam
555 2117 607 2197 qui
630 2136 702 2182 cum
723 2122 845 2186 incuria
866 2145 932 2189 rem
955 2131 1032 2212 agit,
1055 2131 1150 2199 finem
1180 2158 1244 2203 non
1265 2146 1404 2226 respicit

292 2211 327 2294 3,
348 2213 399 2280 38.
441 2217 475 2279 N
477 2235 494 2280 e
516 2219 631 2284 malum
646 2225 744 2304 ¹parvi
764 2225 886 2292 habeas
910 2233 960 2316 13,
983 2232 1033 2302 61.
1040 2254 1051 2317 ς
1073 2258 1147 2305 nam
1166 2263 1300 2326 eparvo
1313 2255 1401 2315 malo

292 2321 449 2388 interdum
481 2327 621 2391 maxima
649 2331 817 2397 calamitas
842 2337 939 2400 oritur
961 2343 989 2418 1,
1011 2344 1060 2409 20.
1084 2345 1133 2415 32.
1179 2352 1229 2437 13,
1251 2353 1301 2423 49.
1345 2362 1399 2433 22.

292 2427 341 2496 13.
376 2431 425 2498 14.
461 2441 494 2496 ει
523 2435 617 2498 bomo
649 2439 774 2504 interire
802 2455 978 2532 potestne,
1003 2471 1087 2534 quae
1118 2456 1181 2539 ipsi
1210 2465 1399 2544 periculosa

291 2558 355 2600 non
379 2539 505 2603 videtur
527 2549 555 2621 1,
577 2544 625 2610 15.
668 2550 819 2632 Repellas
841 2559 1105 2647 igiturparvum,
1127 2579 1298 2652 antequam
1319 2595 1398 2641 ma-

291 2660 392 2724 gnum
423 2649 534 2714 evadit
570 2653 628 2738 28,
666 2655 717 2724 94.
766 2662 890 2728 Malum
923 2686 980 2747 per
1005 2672 1120 2736 malum
1143 2693 1242 2741 sanes
1267 2683 1318 2766 13,
1341 2687 1399 2772 52,

289 2733 359 2835 53.;'
381 2776 454 2822 nam
476 2762 506 2822 in
529 2782 564 2824 re
585 2763 664 2829 dure
685 2767 783 2834 durus
804 2775 919 2854 agendi
940 2779 1055 2842 modus
1076 2783 1274 2854 adhibendus
1298 2795 1394 2867 estl,

291 2858 342 2930 13.
385 2862 439 2945 23,
474 2865 545 2932 364.
589 2872 627 2934 Si
662 2874 694 2936 in
729 2877 847 2972 malum
879 2880 1030 2967 incidisti,
1059 2907 1197 2970 caveas,
1230 2917 1336 2983 neque
1363 2913 1400 2967 ιε

288 2990 441 3046 securum
474 2985 570 3056 putas
603 2981 665 3060 23,
694 2985 783 3071 110.;
830 2990 885 3070 qui
924 3012 1002 3058 vero
1040 3003 1179 3068 monitus
1210 3012 1396 3080 cautionem

288 3086 415 3168 omittit,
437 3086 619 3151 calamitate
642 3090 786 3168 obruitur
807 3095 860 3180 26,
885 3099 938 3168 89.
981 3106 1049 3170 sed
1071 3130 1112 3172 ne
1133 3116 1262 3182 nimium
1274 3135 1396 3189 caveat

286 3188 455 3272 nemeis,
481 3193 550 3259 105.
594 3196 645 3281 24,
677 3198 748 3268 318.
776 3225 882 3290 neque
902 3231 970 3276 ram
985 3229 1113 3299 caveat,
1135 3227 1392 3312 quamfallugere

284 3314 347 3358 non
376 3308 484 3381 polest
513 3305 571 3382 22,
607 3303 658 3374 44.
707 3311 744 3373 In
772 3331 874 3394 pravo
902 3321 1010 3386 vicina
1043 3331 1149 3394 cautio
1186 3335 1306 3402 inutilis
1335 3355 1390 3406 est

283 3399 334 3484 23,
357 3405 430 3475 398.

365 3515 598 3586 Fortitudinem
622 3527 774 3592 ostendas
795 3531 826 3594 in
849 3537 1080 3610 calamitatibus
1102 3548 1136 3630 3,
1162 3554 1209 3621 tt.
1231 3552 1390 3639 ⁸6·3¹¹⁸m

281 3619 336 3701 qui
361 3621 485 3688 fortiter
515 3631 721 3713 aggreditur,
751 3638 780 3700 is
807 3639 934 3708 hostem
965 3651 1071 3717 vincit.
1092 3662 1120 3734 1,
1144 3655 1216 3729 233.
1239 3663 1331 3749 234,
1354 3679 1391 3730 ει

280 3726 372 3793 l'ortis
395 3742 446 3795 est
467 3739 648 3803 custoditus
672 3741 719 3818 13,
741 3744 809 3828 36,
830 3753 890 3816 εε11
911 3757 1045 3827 audacia
1063 3779 1176 3835 contra
1189 3775 1312 3840 nobiles
1323 3798 1390 3861 pe·

279 3837 421 3904 riculosa
443 3852 494 3905 est
516 3845 566 3920 21,
593 3847 661 3915 186.

363 3947 484 4014 Contra
510 3958 663 4038 temporis
693 3963 891 4032 calamitates
917 3975 1069 4054 patientia
1094 3984 1144 4048 uti
1169 3986 1324 4054 debemus
1350 3993 1388 4077 8,

277 4051 327 4120 74.
335 4070 345 4135 3
369 4076 409 4121 ea
424 4070 530 4125 autern
541 4072 593 4127 est
606 4065 636 4128 irr
649 4069 745 4132 rebus
760 4071 893 4156 ingratis
906 4089 938 4143 et
952 4087 1186 4156 calamitatibus
1200 4097 1387 4166 vehemen-

183 4196 186 4203 -
277 4172 325 4228 ter
339 4167 496 4235 laudanda
527 4173 556 4256 1,
578 4173 650 4244 464.
689 4177 720 4257 4,
744 4182 790 4250 13.
825 4188 873 4266 12,
894 4189 944 4259 39.
982 4195 1104 4278 14,42.
1129 4203 1196 4270 127.
1220 4206 1270 4291 24,
1295 4209 1385 4294 413,;
