3070 4946
703 335 741 352 -
793 303 848 368 aa
887 265 930 352 -ζ-

274 495 547 588 significationem
570 490 679 576 uiuri,
705 488 794 573 quod
817 487 849 550 iu
874 485 1007 550 scholiis
1033 483 1075 550 (ie
1122 485 1230 550 indole
1269 504 1377 555 scrmo

274 623 340 700 ost,
363 612 552 694 quibuscum
576 605 660 669 aliae
686 602 881 684 conjunctae
906 608 1002 680 sunt,
1044 601 1091 665 ita
1116 609 1155 666 ut
1188 603 1376 686 corruptio.

273 735 349 794 nem
385 724 478 808 pallis
518 739 588 786 cum
623 721 717 784 lance
756 717 790 778 in
825 714 910 798 pelle
959 714 1102 795 reliquae
1137 707 1378 798 curruptionem

274 841 475 923 conjunctum
500 853 578 899 osso
602 839 761 915 putaram.
791 833 839 895 At
863 847 945 894 vero
971 813 1010 892 C.
1042 829 1102 914 21,
1131 829 1224 911 156„
1252 832 1374 897 ubido

275 961 426 1036 corrupto
451 946 536 1034 polle
560 949 634 1030 ipsa
660 964 769 1011 sermo
793 954 859 1027 cst,
890 944 924 1006 in
949 941 1082 1006 scholiis
1123 953 1272 1034 nostrum
1297 966 1377 1030 pro.

274 1120 422 1186 verbium
448 1117 564 1202 citatur
591 1114 708 1180 additis
733 1113 916 1206 vocalibus,
941 1091 1048 1216 iiiiii,
1069 1118 1113 1173 rut
1138 1108 1179 1172 dc
1201 1111 1286 1191 pelle
1300 1129 1378 1174 cor·-

181 1327 186 1344 .
276 1296 371 1378 rupto
398 1285 430 1347 in
454 1282 627 1366 proverbio
652 1299 757 1361 sermo
784 1296 862 1344 osso
888 1276 1014 1341 debeat.
1046 1278 1088 1339 'ln
1112 1275 1236 1338 scholio
1262 1271 1377 1342 nostro

274 1401 409 1488 iegitur:
445 1393 560 1485 adis·
586 1394 611 1458 ia
636 1399 698 1476 ,μέν
722 1400 771 1462 oti
795 1386 849 1456 rot
884 1389 1061 1482 „quoniam
1094 1400 1279 1476 corruptum
1303 1407 1377 1462 arat

274 1514 320 1602 id,
345 1515 431 1597 qnod
454 1515 662 1580 circumeam
679 1514 833 1596 (pellem)
859 1508 947 1598 cst“,
972 1511 1019 1575 ita
1042 1511 1223 1577 utiulanae
1241 1513 1378 1578 evulsae
1506 1581 1507 1590 ἦ

275 1632 473 1698 restantibus
505 1649 634 1696 oausam
660 1628 884 1710 corrumpendi
913 1627 1071 1691 viderem.
1123 1628 1160 1689 In
1194 1629 1376 1710 posteriora

275 1746 533 1814 autom-scholio
559 1747 695 1832 legitur:
728 1739 842 1830 agii?
867 1739 893 1803 ia
917 1743 1013 1822 μό
1048 1750 1110 1828 „et
1136 1751 1204 1806 turn
1229 1761 1377 1807 corrum-

275 1863 361 1945 pitur
386 1864 419 1927 id
443 1862 530 1946 quod
556 1863 677 1926 circum
702 1881 778 1925 curn
803 1858 894 1948 osc‘,
911 1861 942 1923 id
959 1860 1045 1943 quod
1066 1839 1197 1922 iomisi
1212 1860 1316 1941 pelles
1341 1855 1375 1924 in

273 1977 440 2060 (lapsondo
465 1979 498 2041 id
523 1977 758 2042 circumdantes
776 1976 966 2062 siguificare
981 1985 1134 2060 possunt,
1145 1975 1191 2038 ita
1200 1983 1236 2038 ut
1253 1977 1285 2036 in
1311 1994 1374 2037 uno

274 2096 360 2178 pelle
386 2103 539 2177 corrupto
568 2113 671 2158 causa
699 2104 863 2180 cernatur,
890 2114 948 2158 cur
974 2095 1073 2158 ctiam
1099 2091 1223 2156 caetori
1256 2094 1288 2154 in
1311 2091 1375 2154 dc-

274 2209 399 2296 psendo
428 2217 680 2292 corrumpantur.
733 2208 828 2288 Quod
854 2209 882 2272 si
907 2209 952 2272 ita
978 2217 1043 2289 ost,
1068 2227 1132 2270 non
1156 2209 1264 2295 video,
1288 2227 1374 2288 quo-

272 2326 368 2392 modo
394 2326 602 2408 proverbium
627 2327 736 2407 pluros
762 2323 894 2387 indoles
912 2343 1034 2408 pravas
1059 2327 1092 2387 in
1115 2344 1180 2389 uno
1205 2327 1276 2388 viro
1290 2343 1375 2388 con-

270 2439 406 2525 junctas
432 2440 621 2527 significare
647 2442 769 2524 possit3
795 2441 838 2504 nii
865 2443 997 2505 obstare
1021 2441 1164 2521 videtur,
1196 2442 1271 2526 quin
1295 2463 1376 2525 pra-

272 2575 353 2620 vum
378 2556 554 2641 significet,
581 2558 633 2638 qui
663 2557 755 2640 quasi
780 2575 819 2620 sc
840 2559 1007 2622 solaturus
1036 2558 1135 2645 dicat,
1178 2579 1217 2622 se
1244 2560 1377 2624 unicum
1425 2586 1430 2597 ·

272 2691 410 2755 pravum
424 2693 488 2736 non
514 2693 605 2761 osse,
631 2675 712 2739 alios
739 2692 869 2757 quoquc
895 2692 1123 2756 essopravos.
1148 2677 1270 2739 Prov.
1288 2674 1375 2736 115.

270 2788 325 2850 Ad
350 2798 487 2853 metrum
513 2789 639 2871 liodjes
664 2787 779 2853 reiorri
804 2796 925 2870 potest.
954 2791 999 2853 Ρι
1015 2809 1077 2852 ov.
1099 2790 1180 2854 116.
1208 2790 1291 2854 Cum
1309 2788 1375 2852 hoc

227 2951 239 2968 .
271 2904 445 2985 proverbio
461 2890 612 2966 conferas
638 2905 846 2984 proverbium
871 2903 929 2966 86.
955 2906 992 2966 ln
1017 2906 1152 2985 passivo
1178 2883 1373 2988 iiliuspro-

270 3017 375 3082 vorbii
400 3036 501 3082 causa
523 3025 606 3101 crat,
634 3034 691 3078 cur
717 3024 751 3078 ct
775 3017 827 3080 hic
843 3019 1013 3098 passivum
1026 3017 1280 3103 admitteremus.
1304 3020 1372 3082 Sc·
1412 3035 1415 3041 ·

271 3131 377 3195 cunda
402 3131 495 3194 verbi
520 3121 621 3192 forma
645 3128 799 3194 adnotata
824 3138 895 3193 crat
932 3131 964 3194 in
988 3128 1100 3194 codice
1138 3129 1180 3193 de
1206 3132 1370 3214 Socyano.

136 3235 145 3248 “
269 3244 307 3308 Si
333 3245 473 3308 activum
497 3244 621 3309 formae
647 3244 800 3334 admittis,
826 3246 1041 3310 accusativus
1069 3245 1190 3328 objecti
1227 3249 1374 3326 omissus

269 3367 331 3426 cst.
357 3361 475 3424 Prov.
506 3359 587 3425 119.
615 3361 667 3426 Cl.
686 3360 908 3426 =F'lcisoherus
935 3381 987 3425 mc
1013 3362 1184 3425 certiorem
1214 3355 1312 3452 fecit}
1340 3363 1376 3425 in
1425 3434 1427 3436 ,

268 3520 376 3585 codice
400 3515 475 3584 Parj
500 3489 564 3611 §ptr
591 3491 685 3615 ffl’jii
713 3544 802 3590 esso.
830 3525 926 3605 Quod
950 3525 977 3589 si
998 3525 1044 3587 ita
1068 3534 1135 3610 est,
1160 3525 1371 3623 scribendum

267 3676 318 3731 est
343 3634 417 3771 {Gi
438 3677 473 3729 et
496 3668 539 3729 ad
562 3670 698 3733 verbum
723 3674 918 3736 vertendum
950 3675 1048 3759 „Duo'
1074 3673 1249 3757 turpissimi
1274 3693 1374 3737 ema-

266 3781 342 3847 ciati
368 3787 444 3844 sunt
469 3797 572 3859 equus
599 3790 633 3843 ct
658 3782 801 3847 mulier“
825 3785 922 3870 Pog.
947 3787 1029 3848 289.
1055 3789 1076 3850 l.
1105 3788 1138 3853 5.
1165 3790 1279 3873 legas:
1309 3806 1374 3850 co-

265 3896 329 3961 dex
353 3900 428 3961 Bor.
455 3897 578 3960 Prov.
595 3895 677 3962 120.
704 3899 741 3960 in
767 3916 836 3960 meo
860 3901 969 3962 codice
987 3925 1069 3992 322³.
1088 3906 1217 3988 legitur.
1244 3902 1372 3965 Prorr.

267 4043 349 4108 121.
374 4044 510 4108 Scribas
535 4023 623 4110 {cib
649 4046 825 4131 caetorum
851 4023 912 4112 iroc
936 4051 1145 4132 proverbium
1172 4053 1281 4114 intimo
1307 4068 1373 4112 co-

263 4158 378 4224 haeret
403 4175 485 4223 cum.
521 4152 615 4242 prov.
635 4161 740 4242 aaa,
765 4170 801 4226 ut
824 4164 967 4228 fortasse
992 4184 1088 4228 unum
1110 4185 1154 4232 ex
1179 4165 1282 4230 altero
1307 4184 1373 4227 or·-
1412 4195 1418 4206 ·
