3082 4942
734 350 962 413 ..109..

300 536 354 620 24,
375 537 465 621 310,
485 539 602 604 inuniei
621 539 701 604 laeti
722 543 796 602 sunt
817 533 870 611 28,
893 533 979 616 155,
1000 534 1132 615 nmmum
1154 532 1235 598 inter
1255 551 1314 596 eos
1335 533 1397 599 ini·

299 646 416 711 mioitia
435 655 548 712 mutua
570 658 649 729 erat,
672 657 740 714 tum
760 646 904 712 cessavit
926 645 956 726 2,
980 643 1068 728 104,
1090 642 1285 712 inimicitiam
1296 643 1397 710 animo

301 757 518 840 ooeultat22,
542 755 631 839 168,
667 757 756 839 fugit
772 773 901 838 quoquo
922 753 1017 816 modo
1042 753 1147 820 virum
1164 753 1207 834 12,
1240 749 1327 832 130,
1360 769 1398 814 se

301 866 467 948 separavit
486 854 599 941 alr‘e‘e,
626 873 661 926 ut
671 880 832 946 nunquam
847 861 995 944 conjungi
1007 869 1119 942 posset
1132 860 1187 943 20,
1202 860 1268 941 61.,
1284 859 1399 926 turbae

305 972 388 1036 inter
408 979 540 1056 gentem
563 980 653 1034 ortae
674 980 749 1032 sunt
778 971 828 1055 17,
858 971 905 1050 7.,
937 969 1069 1051 primum
1096 967 1300 1050 adversatur,
1331 977 1398 1031 tum

296 1079 339 1142 ad
361 1097 556 1142 eonsensum
577 1067 707 1161 eog’itur
728 1075 783 1158 25,
804 1073 871 1157 38,
906 1075 962 1138 tibi
982 1074 1174 1140 adversatur
1195 1076 1280 1142 haud
1300 1095 1397 1159 pree·

297 1195 431 1268 paratus
461 1186 511 1262 25,
543 1184 610 1266 57,
646 1173 724 1248 mihi
742 1182 953 1265 adversatur,
981 1183 1040 1248 sed
1061 1203 1177 1250 nexam
1198 1184 1316 1248 inferre
1336 1205 1398 1250 neu

295 1301 405 1377 potest
432 1293 482 1378 17,
512 1294 579 1374 18,
621 1295 788 1358 rebellavit
818 1303 990 1378 postquem
1018 1293 1172 1357 obediens
1205 1293 1312 1360 iuerat
1343 1293 1395 1380 23,

294 1402 385 1484 227,
406 1405 558 1485 tepalam
572 1421 751 1488 aggressus
768 1423 854 1488 sum,
877 1403 963 1487 quod
989 1401 1396 1486 deeipiendioeoasienem

293 1531 356 1575 nnn
378 1512 554 1576 invenirent
575 1512 629 1596 23,
654 1512 741 1596 192,
763 1514 985 1580 adversarium
1001 1531 1063 1576 non
1077 1510 1278 1595 aggreditur,
1301 1529 1398 1594 quum

293 1619 528 1702 ejusnotitiam
550 1619 741 1706 1116111118,
763 1622 853 1707 t3t.;
884 1619 1052 1684 insidiatus
1087 1628 1141 1684 est
1168 1622 1219 1684 sui
1253 1619 1346 1684 simili
1365 1620 1397 1685 iu

291 1731 491 1815 malignitate
513 1730 565 1814 15,
590 1731 656 1812 14,
678 1734 903 1810 incursionem
932 1729 1080 1792 hostilem
1110 1730 1142 1802 in
1168 1747 1228 1792 eos
1258 1727 1336 1792 feeit
1365 1728 1399 1794 iu

290 1837 396 1901 medie
416 1835 581 1898 domorum
603 1837 655 1916 14,
678 1837 744 1915 82,
782 1839 919 1917 impetus
946 1836 1071 1898 hostilis
1097 1834 1181 1896 hand
1203 1837 1401 1917 interruptus
1516 1917 1517 1920 Ἴ

292 1941 341 2018 19,
366 1943 412 2021 6.,
434 1942 561 2005 hostem
583 1950 673 2006 tuum
696 1943 833 2023 adjuvat
853 1943 907 2022 27,
930 1942 1001 2023 71.,
1038 1939 1148 2022 gladio
1167 1941 1402 2028 pugnabimus,
1516 2023 1517 2034 ¹

289 2045 393 2108 donee
414 2065 497 2110 unus
520 2066 540 2107 e
560 2048 653 2109 nobis
673 2056 786 2131 pereat
807 2045 861 2126 15,
883 2046 952 2126 25,
978 2044 1078 2109 invidi
1100 2043 1218 2127 agendi
1237 2047 1320 2110 ratio
1342 2051 1405 2128 28,-

290 2153 384 2222 170·
351 2197 384 2238 .,
407 2152 554 2216 invidens
575 2155 668 2218 alteri
689 2152 808 2216 innuit
828 2153 915 2216 haud
937 2153 1034 2239 digno
1059 2154 1196 2231 1111.

370 2281 406 2376 6.
432 2284 462 2355 6.
504 2285 1203 2390 Deagendiretioneergasooios,
1226 2285 1395 2376 amieos,

286 2401 560 2484 propinquos,
582 2409 809 2482 coguatoS,
831 2405 1006 2482 gentem.
1049 2399 1127 2464 Res
1135 2399 1226 2464 soeio
1244 2401 1394 2486 ingratas

286 2508 355 2588 egit
375 2506 425 2584 21,
449 2505 516 2588 18,
549 2505 714 2571 molestias
736 2508 815 2570 senii
836 2507 886 2570 sui
908 2523 971 2570 non
994 2509 1119 2573 curavit
1139 2509 1191 2594 24,
1214 2507 1303 2590 385,
1334 2527 1394 2574 res

284 2613 365 2677 socii
386 2616 438 2678 sui
458 2635 571 2699 parum
592 2625 685 2680 curat
706 2617 758 2694 27,
781 2615 832 2682 61.
856 2593 942 2696 175,
965 2618 1088 2680 eoelum
1110 2615 1226 2698 decipit
1249 2618 1303 2700 28,
1322 2616 1391 2698 38,

277 2713 421 2787 ‘amioum
443 2744 537 2789 suum
560 2726 685 2788 omnino
712 2722 839 2806 reliquit
865 2725 897 2802 3,
930 2728 975 2803 1.,
1018 2727 1068 2787 vir
1097 2727 1200 2788 amieo
1229 2742 1289 2788 suo
1319 2743 1392 2790 rem

249 2819 253 2824 ’
283 2831 424 2906 revelat,
453 2851 548 2915 quam
571 2834 624 2896 alii
646 2832 783 2895 occultat
809 2829 859 2906 23,
889 2831 960 2895 241.
968 2847 978 2910 ,
1021 2833 1230 2914 propinquum
1258 2833 1391 2896 summa

282 2957 356 3004 eum
378 2938 542 3024 diligentia
563 2939 681 3002 educet
703 2940 754 3022 ll,
771 2939 838 3020 24,
860 2943 888 3001 is
909 2941 964 3021 qui
985 2959 1021 3002 re
1042 2942 1167 3026 ingrate
1189 2943 1229 3007 ab
1250 2951 1392 3026 utroque

280 3057 373 3131 parte
393 3046 639 3130 propinquorum
662 3047 780 3128 petitur
808 3040 861 3126 24,
884 3047 970 3128 174,
992 3058 1026 3111 lu
1048 3067 1085 3113 es
1107 3054 1238 3134 generis
1259 3052 1320 3113 mei
1334 3051 1395 3130 23,

284 3153 375 3232 245,
411 3152 530 3213 multos
554 3170 745 3234 quemqnam
769 3149 928 3236 cognatos
950 3156 1098 3239 habebat,
1122 3159 1162 3221 ab
1184 3160 1254 3221 aliis
1274 3156 1388 3224 'tamen

150 3345 157 3354 Α
280 3261 432 3324 auxilium
455 3264 545 3345 petiit
566 3261 618 3345 20,
641 3261 709 3344 67.,
744 3275 903 3346 cognatus
927 3275 1068 3349 cognato
1090 3269 1241 3331 auxilium
1263 3267 1329 3332 lert
1352 3269 1385 3352 1,

278 3368 370 3454 165,
408 3375 608 3458 interrogans
631 3374 820 3452 (sollicitus)
842 3375 882 3438 de
911 3377 1055 3458 cognatis
1087 3377 1134 3454 12,
1165 3375 1214 3457 5.,
1251 3373 1389 3445 fretr'em

275 3483 413 3544 caeteris
434 3482 578 3564 praefers
605 3481 634 3564 1,
664 3482 750 3564 168,
782 3487 890 3566 gentis
918 3499 973 3546 res
1004 3487 1129 3549 omnino
1158 3486 1300 3568 eorrupit
1330 3485 1384 3564 18,

275 3586 361 3668 185.;
395 3597 525 3672 gentem
553 3605 645 3651 suam
673 3589 806 3670 reliquit,
836 3609 930 3672 quam
962 3593 1023 3673 ipsi
1050 3592 1195 3674 injuriam
1217 3595 1388 3659 inlaturum

274 3713 350 3758 esse
367 3702 569 3777 cognoverat
590 3692 642 3774 20,
665 3691 735 3775 48,
763 3696 902 3758 familiae
922 3697 1075 3763 honorem
1096 3718 1223 3782 parum
1221 3701 1388 3781 defendit,

274 3799 335 3866 sed
357 3801 557 3866 commodum
578 3809 703 3864 tantum
731 3819 825 3864 sunm
853 3805 996 3885 sequitur
1028 3806 1060 3892 6,
1091 3805 1162 3888 43,
1195 3809 1386 3926 conjunctio

271 3908 381 3973 intima
402 3925 476 3973 eum
496 3908 667 3992 familia5,
684 3907 758 3975 9..5

356 4040 390 4131 6.
422 4044 452 4109 7.
503 4047 561 4108 De
602 4063 793 4108 sermone
831 4046 1012 4133 ejusque
1051 4057 1191 4120 variis
1231 4049 1381 4144 modis.

270 4153 307 4235 e)
330 4151 522 4218 General.
566 4151 739 4216 Sermones
760 4155 930 4221 continuos
950 4157 1082 4242 iaciunt,
1106 4151 1201 4246 quum
1215 4135 1381 4228 dissensio
