3082 4942
468 398 476 410 '
606 396 833 460 -147-

167 579 243 642 dum
270 579 374 640 minus
401 596 539 660 gravem
574 578 793 660 relinquimus,
825 580 1036 663 praeferenda
1067 591 1117 643 331
1145 579 1182 666 8,
1214 583 1267 649 32.

167 687 303 750 Carens
321 693 441 767 eutem,
463 704 504 747 ne
525 686 697 768 vestigium
719 689 766 748 rei
787 688 847 768 ipsi
876 687 1119 767 praeferendum
1148 689 1268 752 habeas

163 795 218 877 22,
244 793 311 859 118.
335 802 389 855 331
410 814 477 857 rem
498 781 680 875 relinquens
704 797 878 879 vestigium
899 805 993 878 petas
1015 797 1068 879 28,
1092 797 1162 863 122.
1294 802 1299 812 “

247 903 386 965 Fortiter
407 924 474 966 rem
496 904 695 988 aggrediaris
719 905 750 986 1,
773 905 843 970 213.
888 905 938 986 13,
960 904 1033 986 56.;
1055 925 1129 969 nam
1163 904 1268 967 auda-

170 1009 274 1074 31313
297 1011 390 1072 rebus
418 1009 612 1094 peragendis
641 1011 798 1074 laudanda
828 1020 878 1075 est
905 1013 962 1094 22,
985 1012 1045 1093 403
1067 1023 1172 1076 metus
1191 1033 1270 1077 vero

161 1116 320 1198 vituperio
353 1116 470 1201 dignus
509 1128 543 1179 et
574 1119 708 1195 inutilis,
745 1119 785 1200 1,
815 1118 864 1183 10.
894 1118 964 1183 300.
1007 1117 1120 1196 4,17.
1163 1119 1199 1199 5,
1220 1118 1271 1184 98.
1323 1093 1326 1109 ”

167 1223 218 1305 15,
240 1223 289 1290 41.
333 1224 385 1307 24,
405 1225 475 1290 410.
500 1225 583 1292 3331.
607 1226 658 1308 22,
683 1224 742 1306 16.,
773 1243 835 1288 nee
855 1243 917 1286 non
934 1243 1036 1288 33333
1051 1226 1271 1290 frustrationis

162 1339 214 1394 est
243 1333 280 1412 1,
301 1329 392 1399 213.’
421 1333 486 1415 21,
514 1331 566 1399 66.
622 1334 663 1398 27
671 1335 775 1415 ,123
821 1335 951 1398 sedne
978 1336 1071 1397 nimis
1093 1336 1203 1398 audax
1224 1336 1271 1396 sis

161 1449 290 1523 propter
310 1450 451 1524 statum,
476 1442 518 1504 ad
547 1461 642 1523 quem
671 1443 741 1504 sine
773 1443 983 1505 instrumento
1012 1445 1189 1525 pervenisti
1218 1441 1271 1525 23,

162 1547 234 1614 598.
279 1549 363 1610 Cum
386 1547 571 1610 fortitudine
590 1558 696 1610 eutem
719 1548 881 1629 diligentia
903 1549 1203 1633 conjungendeest
1220 1550 1270 1630 13,

162 1656 229 1735 25.;
252 1675 324 1716 nom
347 1654 522 1734 diligentia,
545 1662 634 1715 utre
665 1655 812 1734 potieris,
845 1658 1032 1717 necessaria
1053 1660 1164 1734 3311,
1197 1657 1270 1740 103,

161 1763 233 1829 200.
265 1761 337 1826 ero.
366 1757 439 1826 333.
469 1759 543 1826 roe.
595 1761 634 1843 2,
663 1759 713 1826 er.
764 1762 805 1843 3,
827 1759 877 1827 33.
899 1760 949 1826 ro.
992 1761 1023 1844 5,
1046 1760 1096 1826 33.
1143 1762 1193 1843 13,
1214 1761 1268 1827 28.

161 1869 211 1935 44.
236 1867 366 1952 tt‚19.
409 1867 465 1943 23,
496 1865 546 1934 69.
568 1868 617 1934 96.
660 1867 718 1950 24,
742 1869 811 1932 251.
855 1868 910 1944 27,
932 1868 983 1933 54.
1027 1868 1168 1946 Quodsi
1190 1890 1268 1932 vero
1405 1925 1412 1938 ,

160 1996 228 2044 rem
250 1982 435 2064 neglexisti,
454 1979 527 2061 ejus
550 1999 660 2042 ourarn
689 1978 791 2060 liobe,
812 1988 847 2040 ut
876 1979 971 2040 33133
992 1967 1088 2059 3116,
1110 1975 1160 2043 39.
1204 1977 1269 2057 Qui

161 2108 286 2153 summo
309 2110 382 2154 oum
402 2089 508 2152 studio
531 2091 563 2152 in
585 2110 650 2151 rem
672 2089 832 2165 ineuntur,
854 2087 1155 2170 31133111333124,
1178 2087 1269 2171 4503

160 2199 300 2263 studium
322 2200 420 2282 igitur
441 2207 474 2260 et
495 2197 689 2278 diligentiam
712 2199 743 2259 in
764 2218 799 2260 re
820 2196 1012 2280 perficiendo
1038 2191 1219 2260 3011163331-
1235 2198 1268 2280 2,

161 2307 188 2370 1.
231 2307 287 2366 Ν3
314 2313 423 2366 autem
449 2323 516 2367 rem
554 2304 654 2365 obiter
684 2322 788 2386 agas,
821 2302 882 2364 sed
911 2304 1007 2366 311133
1037 2311 1191 2384 penetres
1211 2303 1264 2385 28,

161 2410 250 2490 1533
272 2429 345 2472 nem
369 2411 454 2491 quod
467 2399 631 2493 incepisti,
656 2429 780 2474 summa
802 2429 880 2473 eura
900 2399 1128 2492 perfioiendum
1151 2418 1203 2470 est
1232 2408 1264 2490 6,

71 2509 73 2516 ’
161 2514 232 2582 256.
258 2517 335 2578 Non
366 2528 417 2579 est
444 2517 634 2602 laudandus,
669 2519 724 2602 331
752 2517 847 2580 modo
875 2509 1016 2600 pessime
1051 2519 1147 2581 finem
1179 2519 1268 2599 operi

160 2625 291 2708 imponit
322 2629 360 2708 1,
391 2625 461 2690 142.
492 2633 525 2686 31
556 2645 642 2707 rem,
672 2626 726 2687 eui
753 2627 955 2706 praepositus
984 2635 1046 2702 est,
1077 2647 1140 2688 nou
1176 2627 1259 2688 bene

159 2733 286 2815 perficit
306 2732 358 2814 13,
382 2731 432 2796 33.
461 2739 516 2794 331
546 2732 650 2794 minus
672 2733 752 2795 13311
774 2749 869 2813 quam
891 2731 987 2794 debet
1007 2732 1060 2817 25,
1083 2732 1153 2798 23.Υ
1177 2733 1262 2795 Dili-

157 2842 269 2928 33363
289 2841 388 2934 igitur
402 2859 477 2904 eum
491 2840 880 2924 patientieoonjungenda
901 2850 952 2905 ost
970 2841 1021 2924 18,
1045 2839 1074 2907 1.
1116 2843 1153 2904 13
1165 2842 1262 2905 rebus

159 2950 350 3034 quaerendis
371 2952 525 3033 patientie
546 2954 730 3016 necessarie
752 2955 803 3016 331
827 2955 855 3030 1,
879 2952 949 3018 117.

165 3091 167 3098 >
242 3059 416 3123 Prudentia
438 3079 567 3142 quoque
586 3061 826 3125 commendatur
846 3059 876 3137 3,
898 3058 967 3126 195.
1013 3060 1063 3141 18,
1081 3058 1148 3138 76.;
1172 3062 1261 3128 [raro

158 3167 357 3246 vituperatnr
385 3167 422 3250 5,
454 3166 524 3233 198.
569 3170 620 3251 10,
642 3169 718 3250 59);
740 3189 813 3232 nem
839 3167 979 3249 prudens
1008 3167 1133 3228 nonnisi
1160 3164 1261 3227 semel

157 3259 310 3350 decipitur
340 3273 396 3345 23,
427 3273 515 3350 4513
549 3282 582 3334 31
615 3275 755 3337 ostendit
788 3274 971 3354 prudentie,
997 3261 1102 3354 ⁴quem
1142 3272 1257 3336 ducem

157 3395 334 3459 sequamur
354 3379 387 3461 3,
412 3376 481 3443 193.
524 3381 614 3440 Bene
634 3399 724 3461 eges,
749 3399 812 3461 333
834 3397 871 3440 es
891 3377 1073 3459 prudentie!
1101 3380 1131 3454 2,
1152 3378 1203 3445 57.
1227 3389 1261 3442 31

157 3491 370 3553 instrumento
390 3487 431 3551 ed
454 3506 521 3550 rem
544 3496 618 3568 epto
643 3490 744 3552 uteris
765 3490 796 3570 3,
806 3489 858 3555 87.
903 3491 1117 3573 Intelligentie
1132 3510 1260 3574 quoquo

155 3604 304 3670 laudatur
323 3615 355 3668 et
376 3606 407 3667 in
429 3603 616 3686 quibusdem
638 3606 732 3668 rebus
754 3607 874 3669 3313113
895 3605 1073 3670 adhibenda
1095 3617 1147 3670 est
1170 3605 1270 3685 341.

240 3713 435 3777 Constantia
456 3731 601 3796 quoque.
625 3716 656 3776 in
674 3716 804 3779 oonsilio
827 3717 982 3800 oepiendo
1004 3719 1189 3779 necessaria
1209 3726 1260 3780 est

159 3819 209 3903 13,
235 3821 282 3888 24.
329 3823 380 3904 18,
405 3815 474 3889 164.
508 3825 568 3903 ,21,
593 3825 641 3891 51.
686 3826 830 3909 23,149.
873 3826 923 3892 26.
944 3825 994 3892 92.
1036 3825 1258 3906 Neigiturin

157 3929 283 4011 agendo
312 3941 387 3995 3313
409 3931 661 4013 tempus'iessus
677 3933 737 3996 1133
761 3933 845 3995 3331.
867 3935 901 4018 5,
922 3920 972 3999 21.
1016 3932 1156 4009 27,102.
1199 3932 1255 4016 23,

158 4033 228 4102 116.
270 4055 375 4119 33333
397 4040 533 4122 quietem
553 4040 609 4102 tibi
631 4041 801 4114 33333633,
826 4039 926 4103 donee
947 4059 1012 4104 rem
1037 4043 1162 4104 omnino
1182 4061 1261 4121 per-

159 4139 275 4206 feceris
298 4145 334 4228 1,
357 4147 426 4210 211.
469 4147 519 4222 24,
548 4149 614 4228 165
637 4125 810 4212 nonenim
832 4159 883 4212 est
904 4148 1092 4230 laudandus,
1116 4149 1258 4229 quirem

159 4253 567 4338 333313313333103113,
592 4255 661 4324 134.
703 4259 894 4321 1333331333
915 4265 947 4320 31
977 4275 1107 4338 semper
1133 4255 1257 4318 mobilis
1300 4273 1303 4282 ¹
