3082 4942
742 373 889 480 ...¹150
932 409 973 423 .-

300 560 450 624 euxiliom
473 561 560 623 ferre
580 579 642 625 non
665 568 782 645 potest,
804 581 843 624 eo
867 558 997 623 debilior
1025 561 1081 623 tibi
1117 558 1238 622 inutilis
1270 571 1324 626 eet
1348 565 1407 648 29,

300 667 351 736 39.
393 668 531 731 Nonnisi
553 669 586 730 in
605 669 737 732 fortiore
758 667 907 732 liduoiam
929 674 1067 748 porroet
1097 668 1295 749 experientia
1323 670 1409 732 edo-

302 784 374 838 etos
397 776 512 839 adoreo
536 777 588 859 ιι,
610 776 640 841 a.
661 776 747 839 conr.
772 776 823 858 to,
845 775 916 856 11,
944 795 1017 839 ...ιι
1047 775 1167 839 orooro
1197 776 1229 837 in
1255 797 1291 839 re
1312 777 1408 843 foro
1453 749 1461 770 “

300 885 500 952 adhibendus
520 897 582 969 est,
621 886 751 971 3,110,
793 888 847 968 23,
877 886 948 954 298.
982 895 1015 949 ot
1036 870 1067 947 ir'r
1088 887 1228 968 ‘magnis
1257 887 1411 967 perieulis

299 1015 434 1080 parvum
464 996 615 1058 auxilium
646 1013 709 1057 noo
745 993 877 1077 prodest
906 995 959 1071 23,
990 992 1061 1059 574
1105 991 1158 1054 Ad
1181 1011 1249 1055 rem
1270 1013 1410 1077 gravem

299 1123 363 1167 non
384 1112 522 1166 vocator
541 1103 601 1164 nisi
620 1104 649 1164 oi
670 1100 885 1185 perficiendae
907 1121 965 1183 par
987 1102 1038 1180 93,
1060 1099 1156 1173 3091
1179 1098 1238 1162 sed
1260 1100 1413 1167 advilem

300 1232 368 1276 rom
389 1211 608 1294 peragendam
630 1211 746 1274 fortem
766 1231 809 1273 no
829 1213 953 1278 mittas!
976 1210 1027 1289 93,
1062 1210 1133 1277 obl.
1182 1212 1238 1274 Ne
1268 1230 1402 1296 quoque

299 1321 330 1384 io
352 1321 480 1405 magnis
499 1322 649 1402 perieulis
673 1322 770 1403 longe
790 1323 985 1384 remotorum
1015 1322 1165 1384 auxilium
1196 1319 1351 1383 adhibeas
1380 1326 1408 1400 l,

301 1429 373 1494 167.
417 1427 482 1507 oui
505 1429 623 1493 fiducia
645 1439 699 1493 tua
722 1430 871 1513 indignus
894 1437 954 1508 est,
974 1428 1045 1511 ejus
1056 1428 1207 1492 auxilium
1221 1447 1262 1490 ne
1276 1427 1413 1509 implora

299 1537 355 1619 23,
376 1536 470 1611 1001
493 1537 551 1600 aod
573 1539 604 1599 in
626 1539 722 1601 reboo
744 1538 939 1600 necessariis
962 1556 1035 1600 oum
1064 1536 1192 1617 adhibe,
1220 1537 1273 1618 qui
1300 1537 1411 1600 bene-

298 1643 366 1710 iioii
386 1645 432 1708 tui
454 1646 614 1727 particeps
635 1638 699 1709 est!
723 1645 807 1707 conl.
832 1646 860 1727 1,
882 1645 952 1709 291.
998 1644 1032 1718 8,
1054 1644 1105 1709 27.
1156 1645 1206 1719 26,
1237 1645 1307 1725 49.;
1329 1664 1408 1710 nam

299 1757 360 1840 qui
374 1764 482 1820 tecum
504 1755 633 1817 vinculo
656 1751 845 1834 conjunctus
867 1771 929 1814 oon
954 1759 1015 1834 eat,
1036 1752 1163 1814 nonnisi
1185 1760 1308 1814 tontum
1345 1773 1410 1818 au-

296 1863 405 1926 xillum
428 1860 484 1921 tibi
505 1857 692 1939 praestabit,
714 1866 865 1937 quantum
886 1856 946 1917 sibi
975 1857 1050 1916 utile
1071 1865 1122 1918 est
1150 1855 1203 1939 18,
1227 1855 1297 1922 192.
1342 1858 1410 1937 Qui

298 1967 341 2030 de
361 1975 394 2028 le
416 1962 571 2027 eollioitua
594 1969 657 2041 oet,
679 1961 724 2022 rei
746 1969 824 2023 tuoe
844 1979 975 2041 operam
997 1960 1085 2024 dabit
1107 1965 1140 2043 6,
1162 1963 1214 2025 87.
1236 1966 1322 2026 oonl'.
1347 1965 1406 2048 27,

300 2071 369 2142 17.1
392 2071 444 2131 eoi
466 2069 529 2148 ipsi
549 2085 602 2129 res
624 2067 735 2150 gravis
761 2064 889 2149 oceidit,
914 2067 997 2128 alios
1018 2069 1152 2152 negligit
1168 2070 1221 2151 27,
1242 2073 1272 2136 8
1316 2070 1407 2136 item

262 2205 267 2216 a
299 2172 520 2237 neeessariam
543 2172 574 2233 ei
595 2173 626 2236 iu
646 2178 787 2234 mentem
807 2187 942 2253 revoca,
966 2172 1062 2236 ulad
1090 2173 1254 2257 agendum
1287 2177 1412 2259 impel-

297 2281 380 2346 latur
399 2284 433 2346 6.
457 2281 483 2343 1.

722 2785 724 2792 1
757 2727 882 2816 Soet.
912 2727 956 2815 5.
1026 2849 1032 2858 ἢ

338 2905 419 2978 lle
439 2908 589 2978 rebus
610 2907 790 2994 qulbus
813 2908 1028 2982 bominis
1048 2909 1265 2986 lelloltas
1285 2915 1380 2985 aut

486 3015 761 3102 αιυιιναιιιι·
780 3021 869 3092 aut
891 3017 1199 3094 diminuitur·

709 3173 859 3298 Ι011).
895 3201 940 3288 Ι.

686 3362 751 3418 llo
768 3363 1008 3420 uanitate.

291 3483 425 3546 Sanitaa
445 3488 588 3567 eorporis
612 3506 709 3569 quom
734 3491 779 3553 eit
799 3509 853 3554 res
874 3493 1004 3578 maximi
1026 3495 1118 3576 pretii
1134 3496 1181 3571 10,
1208 3493 1290 3573 153,
1312 3515 1406 3561 oon-

291 3591 451 3655 acervanda
480 3602 532 3655 est
564 3603 631 3658 tum
665 3617 725 3680 oo,
756 3600 839 3680 quod
871 3601 967 3663 rebus
1003 3603 1043 3665 ad
1073 3605 1175 3668 vitam
1205 3609 1406 3670 necessariis

288 3696 414 3760 modico
438 3699 556 3763 utimur
583 3701 622 3780 5,
655 3703 725 3782 511,
757 3712 822 3765 tum
849 3725 946 3785 opero
968 3709 1116 3773 iaciendo
1140 3711 1191 3796 93,
1214 3713 1287 3779 384.
1309 3715 1402 3776 cooi'.

288 3803 321 3885 6,
344 3803 416 3869 214.
458 3805 639 3869 Moderatio
661 3808 819 3874 laudanda
841 3823 892 3876 est
912 3815 942 3898 7,
966 3816 1032 3898 523
1055 3822 1161 3883 evites
1185 3821 1279 3903 igitur
1299 3821 1404 3884 nimi-

287 3931 339 3974 um
366 3913 397 3972 in
427 3913 524 3974 rebus
552 3922 586 3975 el
617 3913 743 4002 modom
771 3926 894 3982 reolum
917 3929 1031 3985 teneas
1052 3925 1105 4010 26,
1128 3927 1178 3995 36.
1224 3925 1401 3994 Gulositas

286 4020 320 4102 2,
349 4019 413 4084 107.
440 4017 507 4083 114.
535 4029 568 4083 et
589 4021 728 4086 aviditas
750 4026 847 4087 noxia
883 4027 932 4105 10,
961 4029 1013 4095 51.
1044 4041 1078 4095 et
1110 4035 1320 4118 vituperando
1344 4047 1406 4103 est

286 4128 338 4210 28,
362 4125 433 4193 303.
475 4125 622 4211 24193.
665 4130 778 4196 Cibum
800 4152 936 4215 paucum
959 4157 1077 4218 sumas,
1100 4151 1136 4206 ut
1159 4163 1293 4208 somnus
1315 4143 1402 4209 leu-

288 4235 537 4320 (111111111191,
560 4235 622 4321 to,
643 4237 694 4301 oio
714 4239 798 4305 enim
819 4259 921 4307 aaoua
942 4247 1005 4309 eris
1028 4248 1078 4326 92,
1099 4249 1170 4318 259.
1213 4253 1268 4317 Ne
1298 4252 1396 4334 ollas,
