3126 4958
679 311 886 376 ...(57.-

228 505 314 582 suot,
337 496 379 562 ad
400 496 641 579 proverbiorum
663 504 790 579 tempus
813 494 1025 561 definiendum
1040 497 1216 575 conterunt,
1239 495 1336 580 liquet

230 608 313 672 enim
336 607 542 688 proverbium
571 606 636 668 tato
663 613 737 668 ante
757 604 844 668 illam
866 623 933 668 rem
955 611 1081 687 gestam
1103 623 1216 689 nequev
1229 614 1333 671 ortam
1450 611 1457 628 ’

228 733 303 780 esse
324 731 431 796 neque
452 713 551 777 multo
573 720 647 794 post
667 712 699 774 in
721 710 984 775 cousuetudinem
1006 713 1147 776 venisse.
1189 714 1235 776 At
1256 698 1336 778 varo

228 843 290 906 quo
310 830 453 904 tempore
474 829 549 902 post
577 820 774 908 divulgatum
801 823 853 898 sit,
878 821 950 904 quIs
972 829 1034 907 est,
1068 822 1123 905 qui
1152 820 1336 884 accuratius

232 930 364 994 definire
384 926 528 994 audeat?

249 1032 257 1040 ⁸
315 1039 534 1108 Proverbiaa
554 1034 702 1117 personis
723 1034 870 1098 derivata
891 1044 966 1098 aute
988 1054 1195 1118 personarum
1215 1037 1337 1102 illarum

230 1147 330 1210 vitam
353 1148 505 1231 originem
527 1165 590 1208 non
610 1145 774 1222 habuisse,
795 1163 889 1206 nemo
913 1163 977 1206 nou
998 1143 1100 1226 videt,
1128 1145 1188 1208 sed
1199 1164 1336 1227 quonam

230 1262 384 1336 ternpore,
409 1275 484 1317 num
507 1255 693 1318 viventibus
715 1254 861 1335 personis
882 1270 923 1316 an
943 1253 1040 1335 paulo
1059 1238 1338 1342 postmortem,in

230 1362 494 1427 consuetudinem
516 1362 672 1438 venerint,
694 1361 825 1425 difficile
846 1360 935 1424 dictu
957 1369 1018 1424 est.
1067 1362 1142 1424 Nec
1171 1382 1235 1424 uon
1256 1380 1335 1443 pro-

231 1472 417 1534 verbiorum
439 1479 580 1550 tempus,
600 1487 684 1549 quae
705 1486 912 1545 personarum
935 1467 1032 1530 effata
1053 1468 1155 1531 fuisse
1180 1467 1336 1546 dicuutur,

235 1577 417 1639 accuratius
439 1574 570 1636 definire
592 1581 683 1636 extra
695 1574 881 1636 facultatem
893 1584 1035 1637 nostram
1050 1583 1208 1655 putamus,
1244 1576 1337 1656 Quae

123 1731 126 1742 ,
232 1690 342 1746 autem
370 1679 542 1762 proverbia
562 1700 582 1742 a
602 1688 771 1761 poetarum
798 1682 948 1743 versibus
978 1681 1080 1762 (conf.
1112 1683 1151 1747 C.
1183 1683 1233 1767 14,
1253 1684 1335 1752 ’103.

233 1792 288 1874 22,
311 1787 382 1856 135.
406 1786 475 1854 146.
499 1785 578 1866 163)
606 1785 758 1850 derivata
779 1805 857 1850 casa
880 1795 1018 1873 constat,
1047 1808 1086 1852 ea
1107 1799 1182 1854 aute
1203 1810 1337 1857 vorsum

233 1905 303 1962 orta
320 1916 383 1959 nou
400 1913 490 1977 esse,
512 1913 606 1957 nemo
617 1895 759 1978 negabit,
775 1893 986 1975 sedquonam
999 1903 1153 1981 tempore,
1176 1899 1205 1962 si
1222 1919 1340 1966 versus

231 2003 308 2068 dicti
329 2011 454 2084 tempus
476 2011 586 2066 notum
608 2012 669 2083 est,
690 2002 765 2066 inde
791 2003 976 2089 prodierint,
1005 2025 1081 2069 num
1103 2009 1214 2072 statim
1240 2029 1340 2074 versu

231 2113 317 2178 dicto
345 2132 387 2176 aa
414 2112 522 2193 aliquo
554 2119 698 2192 tempore
727 2119 815 2192 post,
849 2112 1077 2177 dubitationem
1105 2115 1243 2179 habebit.
1285 2116 1338 2180 Ea

231 2223 359 2286 nonnisi
385 2219 565 2302 proverbia,
597 2238 680 2301 quae
712 2239 731 2281 e
759 2240 795 2282 re
824 2219 961 2302 quadam
990 2231 1087 2304 gesta
1116 2223 1274 2307 prodiere,
1309 2227 1338 2289 si

233 2346 296 2409 quo
317 2335 461 2407 tempore
482 2333 557 2388 acta
579 2325 632 2407 sit,
655 2343 715 2388 suo
738 2334 881 2409 tempore
902 2329 1076 2391 memoriae
1105 2328 1254 2392 traditum
1276 2338 1340 2409 cst,

208 2485 211 2492 .
231 2435 385 2498 historiae
404 2453 467 2516 ope
489 2442 674 2497 accuratam
695 2436 847 2516 temporis
871 2434 1085 2499 definitionem
1107 2434 1285 2498 admittunt.

317 2544 411 2624 Quae
432 2549 541 2606 autem
563 2540 734 2622 proverbia
748 2543 893 2604 omnibus
914 2544 1031 2606 talibus
1047 2541 1173 2606 indiciis
1187 2542 1343 2608 destituta

232 2659 319 2728 suut,
340 2651 372 2714 iu
394 2668 504 2711 eorum
525 2665 626 2710 sensu
647 2654 705 2710 aut
724 2648 834 2710 verbis
858 2648 1015 2711 interdum
1036 2667 1137 2713 causa
1166 2652 1340 2735 iuvenitur,

235 2777 292 2822 cur
314 2755 450 2838 tempori
469 2764 524 2818 aut
547 2753 775 2835 adjudicentur.
796 2762 853 2818 aut
880 2754 1112 2836 abjudicantur.
1162 2759 1342 2825 Proverbia

234 2887 255 2930 a
276 2865 354 2929 viris
377 2871 432 2926 aut
454 2861 586 2944 antiquo
608 2871 663 2926 aut
684 2863 806 2926 recenti
826 2870 971 2944 tempore
991 2863 1139 2941 adhibita,
1174 2865 1235 2930 iliis
1261 2867 1343 2933 viris

235 2977 359 3057 origine
381 2974 541 3038 anteriora
563 2989 651 3048 esse,
674 2972 745 3036 sole
769 2971 884 3034 clarius
908 2981 969 3036 est.

315 3082 491 3164 Proverbia
510 3100 531 3144 a
551 3080 715 3144 Meidunio
736 3081 898 3144 Archibus
919 3082 1006 3146 haud
1032 3083 1179 3167 genuinis
1208 3080 1338 3163 adjudi-

238 3195 313 3252 cata
334 3207 446 3276 'quum
478 3186 519 3250 ad
549 3205 647 3251 unum
679 3205 783 3268 paene
817 3188 920 3250 omnia
953 3192 1153 3270 expositione
1187 3190 1342 3254 historica
1452 3195 1454 3200 '

237 3301 378 3368 careant,
418 3299 451 3353 et
483 3309 614 3354 sensum
643 3301 709 3356 tam
738 3293 922 3374 generalem
950 3293 1096 3374 offerant,
1131 3306 1167 3360 ut
1198 3298 1271 3362 iude
1300 3300 1343 3361 nil

236 3399 381 3464 concludi
401 3398 518 3480 possit,
540 3417 612 3462 rare
642 3398 764 3474 (conf.
789 3399 842 3482 22,
865 3399 937 3466 282.
966 3401 1046 3474 283)
1075 3406 1209 3485 tempori
1236 3424 1340 3469 accu-

236 3495 337 3573 ratius
360 3505 540 3571 definiendo
563 3515 639 3588 apta
657 3514 740 3569 sunt.
783 3508 865 3571 Aliis
888 3528 998 3572 eorum
1019 3509 1123 3592 priore
1139 3514 1210 3576 aliis
1229 3522 1344 3596 poste-

236 3617 320 3678 riore
342 3622 487 3696 tempore
511 3614 604 3695 ortis,
634 3613 805 3698 manimam
831 3623 955 3696 partem
984 3616 1046 3679 nisi
1076 3619 1181 3682 omnia
1211 3617 1346 3702 tempori

236 3732 310 3805 post
340 3720 602 3784 Mohammedem
631 3721 834 3785 vendicanda
860 3741 952 3807 esse,
980 3723 1053 3786 inda
1079 3727 1171 3808 sequi
1202 3725 1343 3809 videtur,

238 3828 333 3911 quod,
378 3827 647 3912 quomadmodum
673 3828 749 3905 dixi,
776 3847 798 3891 a
825 3815 1046 3912 grammaticis
1074 3832 1182 3897 adlata
1209 3835 1345 3916 exposi-

238 3944 326 4006 tione
347 3941 499 4005 hiatorica
532 3949 663 4022 carcut3
690 3941 834 4006 Arabum
864 3944 948 4006 enim
976 3946 1174 4027 grammatici
1203 3955 1344 4031 veteres,

240 4053 295 4133 qui
316 4049 497 4130 antiquitati
517 4048 722 4114 illustrandae
742 4049 954 4114 vehementer
983 4052 1080 4116 dediti
1111 4063 1232 4137 essent,
1262 4073 1345 4116 nou-

119 4147 128 4159 ’
241 4160 302 4225 nisi
324 4157 511 4233 recentiora,
543 4167 621 4240 post
640 4157 899 4224 Mohammcdem
921 4166 993 4223 orta
1014 4161 1195 4244 proverbia,
1229 4160 1344 4242 quippe
