3082 4942
726 845 850 934 Seni.
881 842 924 932 2.

278 1021 360 1094 ne
379 1020 578 1114 viante,
600 1015 800 1110 eniens,
820 1009 1059 1104 pennatis,
1081 973 1398 1098 poenitentia

619 1125 670 1195 et
689 1118 1064 1208 nupinlraeinru.

741 1283 855 1375 Une.
886 1285 929 1372 1.

579 1459 640 1516 De
656 1458 750 1514 viro
766 1457 878 1513 bono
895 1459 937 1512 et
952 1468 1095 1527 pravo.

365 1575 561 1654 virbonus,
582 1573 682 1658 enjus
704 1575 939 1640 iemnobseura
962 1581 1023 1652 ent,
1045 1576 1076 1634 ei
1086 1568 1396 1654 praeferendusest‚

279 1685 335 1770 qui
355 1685 396 1750 ob
417 1673 590 1750 malefecia
610 1684 641 1747 in
662 1683 824 1748 homInnm
847 1701 902 1747 ore
922 1690 974 1744 est
995 1681 1027 1763 7,
1052 1678 1124 1762 43,
1157 1680 1297 1761 optimus
1319 1697 1388 1742 en-

281 1793 397 1857 tomis
427 1801 579 1874 putetur,
609 1791 663 1872 qui
693 1789 734 1852 de
764 1789 869 1852 seinte
891 1785 1052 1851 hominnm
1082 1785 1220 1850 laetatur
1247 1785 1279 1867 7,
1308 1784 1396 1871 161,

279 1899 362 1961 nihi
402 1900 541 1980 optimus
566 1905 619 1958 ent
639 1897 669 1974 7,
693 1894 764 1962 160.
792 1904 825 1956 et
846 1895 934 1958 viam
955 1897 987 1958 in
1008 1893 1112 1958 medio
1131 1896 1272 1977 positam
1302 1901 1397 1959 renen

182 2047 188 2056 ι
280 2003 314 2086 7,
337 2002 392 2069 61.
435 2004 566 2068 Prnvus
587 2011 696 2068 eutem
713 2001 893 2083 jumentum
915 2019 1009 2066 suum
1029 2021 1092 2066 non
1113 2009 1231 2085 aequet
1253 2001 1304 2084 10,
1318 1999 1396 2068 235.

283 2119 318 2174 et
340 2110 506 2192 pessimun
527 2110 556 2172 is
577 2116 642 2191 est,
661 2110 715 2191 qui
735 2109 831 2184 levin,
860 2106 903 2170 nd
928 2110 1007 2171 irem
1038 2127 1159 2190 pronus
1180 2116 1214 2170 et
1247 2105 1396 2189 perfidus

282 2225 335 2282 est
357 2215 406 2296 13,
430 2215 499 2294 76,
521 2223 589 2280 tum
610 2218 651 2294 in,
672 2217 800 2300 quinon
821 2225 924 2301 erunt,
937 2217 1022 2300 quod
1044 2219 1150 2300 ipsum
1172 2231 1396 2300 praveegen-

282 2336 348 2392 tem
369 2326 422 2392 aiii
441 2323 575 2390 videant
598 2323 651 2409 13,
676 2324 744 2390 175.

728 2633 841 2724 On.
867 2633 939 2722 11.
1060 2620 1067 2646 ¹

609 2800 670 2853 De
688 2795 844 2853 virtute
863 2801 905 2852 et
922 2795 1076 2852 omeio.

365 2917 505 2982 Probum
527 2915 558 2979 id
580 2919 699 2982 iactum
721 2919 913 3001 appelletur,
940 2897 1003 3000 quo
1032 2919 1126 2982 homo
1148 2919 1336 3002 tranquillus
1353 2929 1390 2985 et

283 3035 453 3090 contentus
474 3025 511 3090 fit
532 3025 585 3102 22,
608 3024 699 3110 2494
723 3036 757 3089 et
777 3027 897 3110 optima
918 3045 1017 3109 opera
1036 3035 1123 3104 sunt,
1144 3047 1228 3110 quae
1249 3026 1300 3090 diu
1323 3027 1391 3090 du-

284 3143 356 3198 rent
377 3135 407 3212 7,
434 3131 517 3215 153,
540 3131 642 3197 virtus
663 3143 714 3198 est
734 3134 830 3197 animi
850 3133 974 3198 interna
994 3133 1131 3198 conditio
1154 3135 1206 3213 23,
1228 3135 1299 3202 531.
1314 3133 1390 3200 532.

283 3241 393 3305 Locus
415 3239 514 3304 officii
536 3242 672 3326 portioni
692 3243 810 3307 homini
833 3242 929 3308 datae
950 3252 1045 3326 aptus
1067 3251 1119 3306 est
1137 3243 1191 3327 24,
1213 3241 1287 3310 400.
1328 3245 1391 3307 Est

285 3356 394 3414 nutem
416 3349 552 3417 hominis
574 3351 715 3418 officium
736 3375 775 3419 ne
797 3354 900 3437 ipsum
926 3347 1128 3437 cognoeeern
1147 3353 1179 3432 3,
1195 3352 1246 3420 79.
1275 3353 1392 3416 ‹et-bn·

282 3477 359 3522 num
379 3479 401 3524 a
421 3461 505 3550 melo
527 3461 709 3526 discernere
729 3461 781 3545 20,
806 3462 853 3529 16,
897 3463 934 3524 ln
955 3457 1082 3545 agendo
1104 3459 1135 3522 id
1156 3462 1249 3526 nobis
1264 3480 1391 3524 euven-

284 3561 361 3628 dum
393 3577 459 3645 ent,
481 3567 528 3632 :de
560 3587 621 3650 quo
644 3587 803 3632 excusare
826 3567 981 3631 debemus
1008 3569 1020 3632 1
1028 3612 1040 3651 ,
1064 3566 1132 3634 172.
1177 3568 1231 3652 13,
1262 3569 1329 3650 71.;
1357 3577 1391 3634 et

284 3673 512 3759 inungendum
535 3684 597 3756 est,
622 3675 768 3738 utfflnbis
790 3675 902 3737 honori
922 3675 965 3738 sit
987 3678 1014 3754 1,
1036 3673 1108 3742 265.
1150 3675 1184 3761 5,
1202 3677 1272 3742 117.
1293 3675 1325 3762 6,
1340 3673 1392 3743 36.

283 3782 338 3846 Ne
357 3780 389 3846 id
410 3781 513 3847 sanias
535 3781 619 3865 quod
640 3792 674 3846 te
695 3781 860 3868 indignum
883 3792 946 3866 est,
967 3801 1063 3865 quum
1086 3792 1120 3847 te
1140 3783 1194 3846 eiii
1216 3783 1247 3847 in
1263 3782 1392 3866 egendo

282 3898 457 3971 sequentur
480 3888 531 3972 23,
554 3889 626 3957 423.
668 3892 774 3956 Recta
794 3892 850 3954 via
870 3891 962 3954 nobis
985 3892 1197 3956 incedendum
1219 3902 1283 3976 est,
1314 3892 1391 3958 duni

283 3997 454 4060 veritatem
475 3998 639 4080 sequimur
659 3997 711 4078 23,
735 3996 808 4064 226.
850 3998 948 4061 Viam
977 4000 1179 4066 manifestam
1208 4001 1390 4086 relinquere

282 4122 346 4169 non
370 4102 526 4168 debemus
548 4105 604 4168 vin
623 4103 720 4170 dubia
740 4104 924 4170 incedentes
943 4106 994 4184 23,
1015 4105 1087 4174 467.
1131 4107 1278 4174 Caerites
1300 4111 1391 4174 viine

284 4212 458 4278 maximum
478 4213 596 4288 homini
616 4213 835 4296 adjumentum
857 4223 909 4280 est
932 4215 981 4292 18,
1006 4216 1076 4284 233.
1106 4227 1138 4282 et
1157 4219 1190 4282 ei
1203 4221 1391 4303 quispiane
