3126 4958
516 1297 897 1408 Commentatio

161 1486 219 1575 de
247 1485 512 1608 proverbiis
552 1491 770 1584 Arabicis
817 1522 846 1584 a
884 1498 1118 1591 Meidanio
1161 1506 1261 1594 eol-

464 1657 599 1748 leetis
629 1670 676 1748 et
707 1668 963 1779 explicatis.

640 1826 784 1900 mem.

550 1967 872 2042 Praeramen.

160 2177 366 2294 GentibuS,
393 2223 475 2286 quae
500 2205 636 2270 aSemo
652 2209 808 2294 originem
827 2214 960 2278 duxisse
985 2226 1150 2310 putantur,
1177 2245 1256 2292 sen.

158 2326 276 2388 tentias
302 2324 335 2386 in
359 2341 508 2385 sermone
534 2325 686 2390 adhihere
713 2337 811 2413 atque
850 2336 1031 2414 proverbiis
1059 2341 1104 2401 uti
1130 2349 1259 2427 propri-

157 2462 212 2504 um
239 2448 319 2504 erat.
373 2439 477 2522 Cujus
503 2441 550 2502 rei
576 2461 710 2506 eausam
735 2466 799 2508 non
832 2457 898 2512 tam
923 2451 1063 2536 singulis
1091 2477 1134 2520 ex
1159 2463 1258 2526 rebus

159 2558 334 2643 explicare,
361 2575 455 2637 quam
482 2558 513 2619 in
539 2566 608 2623 tota
632 2563 742 2645 gentis
759 2566 920 2648 cogitandi
947 2572 1069 2634 ratione
1087 2582 1181 2656 atque
1206 2581 1258 2641 in-

158 2673 231 2737 dole
264 2673 395 2755 poetiea
425 2674 540 2736 videre
572 2676 657 2740 lieet.
716 2679 877 2743 Hebraeis
917 2687 1055 2766 antiquis
1094 2690 1146 2752 ille
1173 2714 1254 2780 mos,

156 2792 320 2855 ho'rninum
345 2790 459 2853 animis
485 2791 612 2854 innatus
630 2801 664 2854 et
683 2813 756 2857 eum
770 2815 920 2860 sermone
933 2800 1042 2863 intime
1068 2807 1257 2888 conjunctus

157 2909 304 2970 tribuitur
330 2914 365 2968 et
390 2906 522 2969 Salomo
549 2908 602 2969 ille
627 2911 887 2990 sapientissimus
913 2919 1146 2994 permultorum
1173 2947 1253 3006 pro-

156 3024 340 3086 verbiorum
367 3019 609 3086 auetor'luisae
633 3027 777 3089 traditur.
804 3029 902 3110 Apud
927 3033 1054 3098 Arabes
1083 3044 1257 3119 proverbi-

157 3161 248 3204 orum
273 3141 365 3224 origo
391 3141 576 3225 usquead
594 3137 747 3224 tempora
783 3147 1008 3229 antiquissima
1048 3155 1257 3223 et'fabulosa

156 3233 294 3331 deducta
332 3261 414 3330 inter
445 3260 526 3323 alios
553 3255 727 3354 praecipue
743 3251 969 3354 'sapientibus7
1004 3273 1120 3360 poetis,
1147 3273 1256 3340 heroi-

154 3378 216 3456 bus
234 3353 449 3458 ¹regibusque¹
465 3367 655 3456 'vindicatur
675 3381 833 3472 *Arabess
848 3401 944 3462 quum
969 3386 1001 3446 in
1017 3373 1157 3466 desertis
1183 3395 1257 3458 lon-

155 3515 210 3577 ge·
224 3493 356 3559 remotis
401 3493 502 3555 vitam
530 3515 550 3556 a
570 3497 717 3558 eaeteris
754 3501 907 3582 gentibus
940 3517 1126 3585 separatam
1147 3484 1256 3597 'dege-

154 3618 358 3690 rentaeque
382 3616 470 3671 artes
495 3611 641 3674 eolentes
666 3631 770 3695 neque
794 3617 826 3676 in
846 3618 1000 3684 scientias
1024 3625 1256 3717 incumbentes7

155 3744 219 3786 non
245 3717 316 3788 fieri
335 3731 468 3810 'poterat
494 3729 578 3808 quin,
617 3731 704 3812 quod
731 3743 823 3796 esset
849 3755 960 3802 eorum
985 3742 1146 3824 ingenium
1172 3766 1256 3826 poe·
1347 3791 1352 3800 ·

154 3843 252 3906 ticum
278 3843 449 3924 'animique
490 3846 651 3930 alamitae,
685 3853 797 3930 poesis
834 3862 929 3935 atque
955 3857 1138 3943 eloquentia
1171 3869 1256 3947 apud
1302 3880 1304 3886 ’

155 3980 214 4023 eos
240 3961 271 4022 in
297 3980 423 4024 summo
449 3962 578 4060 honore
598 3957 699 4028 esset.
755 3970 930 4036 Poetarum
958 3977 1060 4060 igitur
1085 3987 1117 4040 et
1143 3991 1255 4044 orato-

155 4096 234 4156 rum,
261 4078 313 4156 qui
339 4079 511 4142 maximam
536 4080 568 4142 in
593 4089 695 4147 totam
719 4094 855 4168 gentem
879 4092 946 4153 vim
972 4093 1141 4181 haberent7
1175 4119 1256 4159 ver-

154 4191 195 4254 ba
227 4193 266 4254 ab
304 4193 375 4255 aliis
402 4195 577 4260 memoriae
603 4199 722 4263 tradita
756 4211 790 4264 et
827 4203 858 4263 in
897 4214 1001 4270 terras
1029 4207 1254 4298 divulgatam
1300 4205 1304 4212 “

155 4307 317 4385 proverbii
344 4310 610 4374 consuetudinem
636 4326 808 4380 venerunt.
869 4321 947 4382 lude
975 4323 1029 4383 illa
1055 4325 1140 4401 apud
1166 4329 1254 4388 Ara-

1029 4435 1044 4495 l
