3022 4940
721 325 951 390 -nls-

285 520 484 608 explicandis
523 515 676 600 prolixior
712 513 785 597 luit,
813 513 950 578 ideone
976 512 1081 576 doctis
1107 514 1282 599 Arobibus,
1307 517 1377 596 qni-

283 644 344 706 bus
384 647 419 702 et
458 635 604 700 minimae
631 631 672 694 ad
698 639 829 716 gentem
863 647 953 693 suam
978 648 1034 692 res
1063 629 1263 712 pertinentes
1292 631 1380 694 cordi

284 759 408 841 essem,
430 752 643 816 vehomenter
668 746 834 832 probatur,
856 746 947 808 nobis
972 763 1053 810 voro
1080 765 1145 809 non
1169 767 1274 829 aeque
1301 767 1378 832 gra-

284 883 351 938 tum
379 879 475 952 atque
512 865 592 930 utile
618 861 759 926 videtur.
811 862 862 925 lle
888 861 979 924 vario
1006 879 1132 944 quoque
1157 862 1379 924 nonnullorum

281 986 525 1073 proverbiorum
563 997 664 1044 sensu
689 987 723 1042 et
758 995 841 1057 usu,
883 977 1072 1041 auctoribus
1101 975 1376 1062 dissentientibus,

282 1124 383 1190 agore
421 1120 485 1165 uon
511 1094 697 1180 supersedit
732 1091 840 1158 noni.
867 1091 906 1156 C.
934 1092 995 1172 24,
1023 1093 1045 1156 6
1072 1101 1107 1154 et
1132 1091 1292 1156 interdurn
1319 1092 1381 1156 de-

281 1221 377 1301 nique
402 1213 609 1300 proverbium
635 1230 655 1275 a
680 1209 753 1272 viro
770 1207 908 1290 quodum
936 1208 1145 1274 celeberrimo
1173 1209 1206 1272 iu
1231 1227 1381 1272 sermone

282 1335 456 1402 adhibitum
494 1350 584 1411 esse,
622 1327 779 1392 certiores
818 1345 879 1390 nos
923 1326 1002 1390 lenit
1027 1326 1137 1390 noni.
1164 1327 1203 1390 C.
1232 1328 1292 1412 22,
1317 1327 1377 1392 ott.

217 1449 223 1462 ’
282 1454 377 1536 Quae
413 1469 507 1532 quum
531 1451 579 1513 ita
603 1447 679 1531 sint,
722 1442 921 1509 Meidunium
957 1443 1143 1525 interpretis
1171 1444 1247 1506 boni
1271 1443 1377 1508 officio

280 1581 344 1632 non
368 1564 515 1632 defuisse
538 1562 689 1628 videmus
726 1570 762 1624 et
788 1560 820 1622 iu
845 1557 950 1643 laude,
988 1575 1051 1640 qua
1078 1559 1119 1622 ab
1144 1559 1292 1626 omnibus
1318 1579 1378 1624 au.

282 1686 426 1752 oloribus
441 1699 567 1746 summo
595 1697 667 1743 cum
691 1694 856 1742 eouseneu
876 1683 1009 1740 ornatus
1035 1675 1091 1760 sit,
1117 1674 1293 1740 dissentire
1316 1695 1380 1744 non

277 1817 469 1882 possumus3
497 1814 580 1879 opus
606 1795 690 1856 euim
716 1792 920 1875 praeclarum
946 1799 980 1854 et
1005 1791 1038 1853 in
1062 1809 1124 1856 suo
1151 1811 1276 1877 genere
1301 1794 1377 1856 uni·

279 1933 351 1980 oum
374 1915 447 1976 sine
471 1912 538 1974 ulla
563 1907 760 1972 dubitatione
787 1905 958 1970 dicendum
984 1917 1046 1970 est.
1478 1933 1479 2006 p

352 2033 389 2094 ln
431 2037 523 2091 tanta
560 2033 670 2090 autem
695 2024 879 2108 argumenti
918 2023 1079 2090 verietate
1113 2045 1152 2090 ao
1178 2027 1377 2106 difficultate,
1478 2047 1479 2050 ¹

276 2149 308 2210 in
346 2150 437 2212 tanta
475 2161 582 2206 rerum
608 2139 806 2204 multitudine
846 2140 928 2206 vitia
965 2143 1071 2207 omnia
1115 2145 1233 2208 evitari
1267 2163 1380 2226 posse,

277 2265 351 2348 quis
383 2270 450 2348 est,
484 2259 537 2343 qul
580 2249 781 2324 contendat?
841 2255 939 2320 Plura
974 2257 1039 2324 bue
1071 2265 1252 2341 spectantia
1277 2265 1381 2328 variis

276 2383 348 2448 libri
381 2380 484 2448 nostri
521 2377 601 2442 lonis
626 2384 810 2459 occurrunt,
836 2374 924 2441 hisee
950 2380 1103 2443 nonnulla
1129 2382 1177 2444 rei
1203 2382 1380 2463 explican-

277 2501 339 2566 dae
378 2515 482 2562 eausa
515 2494 670 2558 addimus.
721 2493 846 2556 Eadem
882 2495 1057 2576 proverbia
1083 2497 1183 2560 variis
1209 2498 1291 2561 locis
1324 2501 1387 2565 ob-

145 2623 150 2630 ’
277 2618 365 2680 viam
389 2613 547 2680 babemus
574 2620 609 2678 et
642 2612 674 2675 in
703 2613 932 2676 commentario
959 2611 1091 2676 easdem
1117 2631 1172 2676 res
1197 2601 1315 2678 variis
1329 2619 1385 2682 lo-

280 2734 326 2796 nis
350 2734 507 2815 repetitas
553 2733 692 2817 legimus
721 2730 803 2794 eous.
841 2731 881 2794 0.
909 2732 943 2816 6,
973 2730 1054 2794 182.
1081 2729 1163 2794 183.
1190 2737 1224 2795 et
1249 2731 1289 2799 C.
1319 2734 1385 2819 24,

280 2848 364 2914 417.
398 2846 480 2911 418.
507 2846 701 2928 eosdemque
727 2863 846 2910 versus
874 2845 1000 2910 duobus
1026 2848 1106 2911 loeis
1134 2850 1255 2912 citatos
1282 2835 1387 2914 iuve-

278 2966 385 3030 nimus
412 2960 515 3026 conl.
543 2962 582 3025 C.
612 2960 670 3045 13,
701 2960 782 3024 427.
812 2959 872 3048 23,
899 2960 958 3026 37.
1021 2965 1057 3026 ln
1082 2967 1244 3029 nonnullis
1269 2975 1390 3033 autem

250 3085 265 3111 ⁸
279 3081 462 3166 proverbiis
487 3093 538 3140 res
564 3086 678 3140 notatu
703 3075 820 3161 dignae
846 3079 989 3143 omissae
1015 3091 1103 3145 snut.
1156 3084 1215 3148 Sin
1237 3103 1392 3167 prover-

279 3202 365 3262 bium
401 3197 440 3258 0.
470 3195 529 3279 18,
556 3192 604 3257 50
655 3195 783 3257 Ausum
800 3194 1036 3260 ben-Haritsolr
1052 3197 1174 3261 habere
1199 3209 1391 3292 auctorem,

280 3317 329 3376 iu·
351 3311 470 3376 llariril
506 3329 606 3394 opere
644 3330 676 3392 p.
706 3310 790 3375 410·
819 3311 959 3398 legimus
983 3321 1018 3374 et
1042 3316 1248 3396 proverbium
1275 3318 1319 3383 C.
1350 3319 1393 3406 3,

147 3512 160 3542 0
283 3431 339 3495 tt.
390 3431 548 3524 netem
586 3427 755 3492 oen-zur
795 3417 933 3492 susurru
968 3427 1163 3494 invenimus.
1225 3414 1326 3511 olor
1357 3435 1397 3500 ιιι

159 3583 164 3596 ·
280 3541 402 3611 florini
427 3563 525 3629 opere
556 3544 764 3626 proverbium
798 3544 838 3609 C.
862 3546 922 3630 22,
951 3541 1010 3610 30.
1037 3544 1169 3610 diverso
1194 3547 1293 3612 modo
1319 3568 1397 3614 ex-

225 3713 229 3720 .
281 3664 433 3748 plicatum
458 3669 523 3745 est,
551 3658 636 3739 quod
652 3658 737 3722 idem
761 3659 795 3720 in
817 3651 930 3722 eodioe
943 3658 1086 3743 Guelph.
1113 3661 1235 3729 laetum
1259 3666 1399 3730 obser-

281 3782 444 3864 vovimus,
470 3776 502 3838 id
527 3793 591 3838 nou
608 3783 675 3839 tam
689 3777 907 3861 negligentiae
932 3780 1096 3868 Moidauii,
1122 3783 1177 3865 qui
1205 3783 1288 3848 istas
1314 3804 1398 3850 va-

193 3968 203 3990 ·
281 3899 347 3960 rias
380 3891 560 3959 sententias
588 3891 743 3956 adnotare
779 3893 935 3980 omiserit,
970 3885 1075 3979 qnam·
1086 3899 1285 3983 saepissime
1309 3920 1401 3966 mu.

281 4023 350 4076 tato
389 4009 552 4094 proverbii
584 4008 656 4072 usui
682 4009 883 4074 tribuendum
909 4020 1072 4096 putamus.
1139 4015 1232 4096 Quae
1267 4025 1404 4082 antem

281 4147 338 4195 res
374 4127 405 4190 si
437 4128 469 4190 in
494 4124 645 4207 operibus
671 4125 835 4190 bleidanio
862 4117 1089 4217 anterioribus,
1115 4150 1198 4214 quae
1224 4132 1257 4196 iu
1283 4149 1404 4200 eom-

277 4246 433 4312 monterio
471 4231 703 4306 conseribendo
740 4239 894 4330 adhibuit,
931 4245 1144 4334 observatur,
1176 4231 1411 4316 insanionis
