3022 4940
567 781 685 888 Lib.
731 781 805 890 V.

167 1015 248 1086 lle
269 1013 431 1103 modo,
454 1028 553 1101 uno
570 1010 840 1099 proverbio
850 1009 1063 1098 noster-re
1078 1028 1193 1082 eorr-

167 1125 382 1214 servutu‚
404 1139 437 1192 u
457 1118 800 1209 grummetlels
823 1119 1031 1192 eolleetu
1044 1121 1093 1190 et
1112 1137 1196 1189 ex·

514 1224 702 1314 nitente
724 1231 858 1300 sunt.

598 1476 783 1572 Unel.
842 1511 844 1520 ’

209 1644 270 1700 ne
287 1644 422 1711 ruodo,
439 1655 523 1712 quo
541 1643 766 1715 prover-nlo
783 1645 1030 1701 conservat·
1044 1647 1158 1700 mut.

209 1792 388 1856 Proverbiis
415 1812 476 1856 usn
504 1793 675 1877 frequenti,
711 1811 774 1875 quo
795 1792 877 1855 inter
903 1791 1048 1854 homines
1080 1789 1234 1873 divulge-

124 1907 250 1980 reutnr,
272 1891 469 1964 conserente
490 1910 523 1964 et
543 1901 586 1966 ed
607 1911 756 1984 posteros
784 1900 895 1982 deletu
924 1917 1009 1977 esse,
1036 1897 1104 1979 jem
1137 1915 1237 1978 supro

126 2007 200 2073 dixi.
245 2007 369 2074 Poetae
389 2027 510 2073 versus
531 2028 612 2073 suos
632 2017 785 2092 tunquam
806 2008 986 2092 margaritis
1009 2005 1149 2069 ornaturi
1164 2026 1237 2087 pro-

129 2117 249 2179 verbiis
267 2116 449 2182 utebantur.
492 2117 552 2180 sio
571 2117 744 2199 proverbio
764 2117 796 2178 iu
817 2115 906 2199 vulgi
928 2133 984 2179 ore
1001 2113 1165 2176 venientis
1186 2113 1235 2176 si·

126 2228 191 2292 nrul
214 2247 285 2291 eom
306 2228 457 2292 versibus
479 2228 660 2311 posteritati
688 2227 904 2306 trudebantur.
947 2227 1023 2290 Neo
1057 2245 1121 2289 non
1151 2226 1239 2291 nnti-

126 2335 291 2418 quissimis
312 2334 510 2415 temporibus
533 2334 662 2397 utrilibet
684 2335 803 2418 insigni
822 2341 941 2416 poetae
960 2331 1082 2394 relator
1102 2332 1240 2393 nbAra·
1272 2330 1276 2334 ’

128 2439 221 2502 bibus
242 2437 358 2501 linwi
378 2440 559 2521 appellatus
580 2447 661 2522 erut,
684 2441 738 2522 qui
759 2447 877 2520 poetae
897 2454 1028 2514 versus,
1048 2455 1090 2498 ne
1109 2436 1141 2496 in
1154 2434 1238 2496 obli·

129 2546 262 2620 sionem
283 2541 535 2629 adducerentur,
565 2545 749 2608 memorien·
766 2564 845 2608 suae
857 2543 1032 2610 mundaret
1061 2543 1143 2606 oeni.
1162 2543 1230 2606 libr.

112 2671 237 2723 .mrum
277 2650 483 2733 inscriptum:
516 2651 784 2731 Darstellung
832 2650 902 2714 der
941 2650 1069 2729 Arebf
1104 2651 1231 2714 Vers-

126 2762 255 2828 kunst
276 2767 339 2824 ote.
361 2780 393 2841 p.
414 2755 486 2825 393.
530 2760 651 2826 Poetae
673 2768 706 2822 et
725 2757 850 2820 veteris
874 2764 906 2819 ot
918 2756 1064 2820 tenentis
1079 2757 1242 2822 eevimori

127 2868 183 2934 isti
203 2867 329 2934 deditos
342 2868 457 2951 iuiow,
481 2867 636 2949 exemplis
656 2884 810 2930 versuum
831 2865 940 2930 multis
962 2865 1232 2932 inconmenrrrio

123 2976 281 3044 'Meidunii
302 2977 431 3046 obvium
451 2976 649 3042 venientium
670 2975 797 3060 probari
816 2983 934 3059 potest.
977 2975 1130 3042 Nonnulli
1150 2976 1233 3039 iuter

127 3095 245 3168 poem
265 3107 344 3169 pree
368 3085 506 3152 metetis
527 3087 584 3150 isti
601 3087 685 3151 mori
704 3085 939 3168 adhaerebunt3
971 3094 1006 3149 ut
1025 3103 1106 3148 vero
1138 3098 1241 3170 quos-

76 3249 80 3260 .
130 3191 204 3258 dum
226 3194 279 3257 isti
299 3196 378 3262 mori
400 3213 495 3275 quem
514 3193 655 3258 maxime
674 3193 860 3260 incubuisse
883 3213 933 3269 uo,
958 3191 1043 3276 quod
1065 3191 1117 3256 uni
1131 3189 1241 3256 versui

131 3297 288 3366 interdum
310 3300 374 3364 duo
398 3301 569 3380 proverbio
590 3302 790 3376 inseruerint,
814 3300 1001 3364 deolurutu'r.
1025 3300 1129 3366 conf.
1153 3297 1191 3366 C.
1214 3297 1245 3380 3,

124 3402 210 3474 Ι118.
253 3400 285 3478 6,
307 3400 356 3472 29.
379 3420 467 3468 vers.
490 3411 523 3466 et
543 3401 582 3468 C.
607 3401 655 3480 16,
678 3405 708 3471 8-
751 3404 805 3484 21,
826 3403 877 3468 87.

218 3509 326 3578 Primo
346 3518 421 3590 post
441 3508 702 3574 blobrunmedern
723 3511 865 3588 soeculo,
881 3528 946 3592 quo
962 3509 1088 3574 Arabes
1101 3512 1241 3578 murno

121 3635 205 3685 ‚oum
228 3617 335 3684 studio
357 3619 504 3686 omuibus
527 3619 637 3702 rebus,
668 3637 751 3701 quoe
781 3619 824 3684 ud
853 3615 1115 3687 Multummederu
1135 3620 1240 3704 ipsum
1271 3644 1275 3656 ·

127 3726 266 3810 ejusque
287 3744 498 3795 successores
520 3727 728 3809 spectabunt,
756 3728 821 3794 inro
850 3728 995 3794 omnibns
1016 3728 1130 3808 rebus,
1158 3746 1241 3812 queo

129 3835 351 3916 ntiquitorom
373 3834 724 3916 diminuerentur
746 3835 836 3912 viros
858 3853 939 3900 sune
960 3838 1068 3920 gentis
1096 3837 1242 3918 pertine-

127 3940 217 4020 bau,
237 3941 470 4010 conservandis
491 3963 620 4026 operam
643 3942 774 4026 dubunt,
798 3945 989 4028 proverbio,
1014 3964 1148 4034 quorum
1160 3963 1234 4008 me-

125 4067 229 4132 guum
243 4059 438 4120 momentum
454 4052 485 4116 in
506 4053 613 4136 gentis
634 4059 702 4118 tum
723 4052 939 4118 internarum
961 4053 1236 4120 extenuabistorin

124 4178 194 4230 uon
207 4163 404 4250 ignorarent,
431 4167 503 4248 viri,
530 4168 647 4249 quibus
665 4186 781 4234 nomen
807 4163 956 4260 0903
981 4175 1241 4234 narratores
1378 4215 1385 4222 .

133 4289 254 4342 nomeu
274 4283 336 4350 est,
357 4291 398 4346 tte
419 4277 452 4344 iu
473 4276 663 4347 oblivionem
688 4277 845 4353 venirent,
867 4285 1026 4344 curarunt.
