3082 4942
173 558 206 618 ai
225 573 290 618 nen
310 571 396 636 opaa
416 563 477 625 eat,
500 549 833 633 ”mutuata-30&
856 503 999 614 rem-de.
1012 550 1164 614 inaratam
1177 567 1278 615 atae-

174 671 270 729 cttttts
288 660 345 744 24,
366 658 455 744 350,
475 679 513 722 ra
530 661 716 724 necessaria
733 660 867 742 petitus,
891 659 965 722 licet
977 678 997 721 a
1010 657 1135 722 nemina
1146 654 1280 738 adjutus

173 783 243 836 crat
265 767 319 852 23,
343 767 431 848 258,
450 787 520 832 tem
544 776 619 850 pest
643 757 773 850 lengum
788 768 1093 849 tempatisapatium
1107 775 1281 830 macentua

174 876 227 950 24,
252 875 341 956 234,
365 893 432 939 ram
453 884 649 949 consecutus
667 893 766 958 ¹quam
787 883 884 938 antea
905 883 1102 938 consecutus
1120 893 1186 937 nnn
1215 882 1283 938 erat

179 983 235 1066 23,
258 983 349 1064 237,
371 991 539 1048 contentus
561 1003 600 1048 eo
623 984 706 1066 quod
730 986 844 1048 salvus
865 985 983 1056 evasit,
1007 982 1083 1046 dum
1110 1001 1158 1065 re,
1187 999 1282 1064 quam
1337 1021 1341 1026 -

174 1094 322 1176 petierat,
344 1095 466 1175 potina
487 1110 554 1156 nen
576 1100 644 1154 erat
665 1090 697 1175 9,
727 1090 795 1170 41,
828 1109 847 1152 a
865 1110 953 1154 tanna
974 1099 1117 1153 remotus
1138 1089 1190 1167 at,
1210 1087 1283 1170 39,

177 1205 205 1268 ia
241 1203 337 1284 cujus
368 1203 506 1268 conditio
536 1203 609 1266 talis
639 1210 727 1286 εει,
749 1211 784 1264 ut
816 1203 920 1264 Deum
950 1220 1022 1264 eum
1052 1201 1165 1263 tultum
1194 1197 1282 1282 atae,

175 1315 559 1416 cagueacatur18,176.3
583 1317 670 1378 curis
691 1315 779 1402 liber,
801 1325 837 1380 ut
858 1318 904 1378 rei
918 1333 1009 1378 auaa
1023 1315 1181 1397 vacem,
1197 1312 1282 1392 198,
1403 1397 1407 1401 ι

176 1424 205 1486 ia
228 1422 322 1505 cujus
343 1424 484 1488 conditio
507 1424 621 1486 melier
643 1425 751 1486 evasit
777 1425 803 1499 l,
833 1421 925 1501 349,
956 1425 984 1485 is
1013 1424 1066 1505 qui
1092 1444 1114 1485 e
1140 1421 1282 1504 pericula

174 1531 333 1606 liberatur,
357 1532 388 1592 in
409 1550 474 1611 que
496 1529 577 1592 accii
599 1530 773 1590 retinentur
795 1529 848 1611 25,
869 1527 940 1608 68,
961 1527 980 1590 a
1001 1518 1127 1610 magne
1142 1527 1286 1609 periculo

178 1636 333 1700 liberatus
354 1634 383 1710 3,
407 1635 459 1701 82.
505 1635 557 1716 10,
578 1633 643 1714 tta
676 1636 732 1696 vix
750 1653 772 1696 a
794 1635 936 1715 periculo
958 1634 1104 1696 evadent
1130 1634 1165 1716 3,
1196 1633 1284 1716 170,

180 1742 348 1806 utilitatem
368 1762 390 1803 e
409 1761 445 1803 re
467 1743 606 1822 capiens,
627 1731 717 1822 quae
736 1741 805 1802 aliia
830 1741 965 1803 molesta
986 1741 1047 1803 snit
1069 1739 1121 1816 24,
1144 1739 1231 1819 354,
1255 1739 1288 1804 ia

180 1848 278 1930 cujus
299 1849 441 1912 conditio
464 1857 560 1912 antea
581 1827 723 1928 pessima
743 1843 808 1911 snit
827 1853 852 1924 1,
869 1847 959 1926 484,
982 1849 1023 1928 is,
1046 1847 1140 1929 cujus
1151 1845 1288 1912 conditio

177 1955 262 2018 bena
284 1947 402 2035 euasit,
425 1965 598 2037 autequam
619 1955 763 2036 pessima
784 1955 889 2016 fuerat
908 1955 959 2030 28,
987 1953 1057 2034 84,
1094 1954 1204 2016 infelix
1235 1957 1289 2035 qui

179 2061 211 2124 in
232 2080 280 2145 re,
303 2079 397 2142 quam
419 2063 618 2143 assequitur,
654 2046 827 2124 interitum*
846 2079 943 2122 auum
964 2059 1055 2122 videt
1081 2059 1133 2144 28,
1163 2058 1232 2141 93,
1257 2061 1288 2124 ia

181 2169 274 2250 eujus
295 2169 422 2232 fortuna
444 2168 584 2234 adversa
605 2169 692 2232 facta
713 2177 765 2231 eat
788 2169 837 2251 13,
861 2167 931 2248 58,
954 2171 995 2253 is,
1018 2170 1072 2250 qui
1095 2169 1126 2230 in
1148 2169 1288 2232 intortu-

181 2279 266 2342 nium
288 2277 396 2342 iucidit
418 2279 469 2360 11,
494 2276 542 2344 10.
571 2277 704 2358 27,97.,
726 2279 887 2342 iumalum
901 2275 1057 2355 incidens,
1081 2276 1156 2338 dum
1170 2276 1287 2340 bouum

180 2385 355 2468 quaerebat
376 2384 430 2465 23,
451 2383 500 2464 5.,
531 2385 560 2446 is
584 2384 680 2464 cujus
702 2392 809 2447 status
830 2386 862 2446 in
885 2384 978 2466 pejus
1002 2402 1130 2465 temper
1151 2385 1216 2445 ruit
1238 2383 1289 2460 23,
1330 2371 1331 2380 “

179 2491 270 2568 240,
302 2490 333 2550 in
357 2489 587 2583 resalvamus
608 2489 799 2570 incidentes,
830 2492 886 2572 qui
912 2493 1050 2554 salutem
1080 2491 1290 2575 negligebant

180 2599 234 2680 22,
259 2596 325 2675 79,
357 2600 389 2661 in
411 2597 625 2660 calamitatem
654 2595 799 2660 incidens
839 2598 865 2673 1,
894 2597 944 2664 57.
995 2597 1025 2672 9,
1054 2599 1108 2666 25.
1157 2600 1207 2683 12,
1241 2596 1289 2664 13.

183 2707 235 2791 18,
258 2706 308 2775 95.
352 2705 501 2788 20,113.
544 2705 598 2788 21,
617 2704 668 2772 35.
711 2703 761 2778 23,
790 2707 857 2770 121.
881 2705 953 2772 231.
997 2706 1048 2784 26,
1078 2705 1129 2774 tt.
1158 2709 1208 2776 48.
1239 2709 1289 2776 tt.

184 2817 253 2900 79,
279 2815 647 2891 attentaverimus,
669 2824 703 2878 ut
725 2816 795 2878 aliis
818 2835 910 2898 opem
933 2815 1018 2878 serre
1041 2834 1102 2878 nen
1124 2829 1238 2898 penset
1260 2823 1290 2902 t,

181 2926 234 2994 56.
241 2947 251 3007 ,
278 2929 310 2992 in
332 2926 545 2991 calamitatem
566 2923 711 2988 incidens
734 2943 830 3006 qnam
853 2925 1000 3008 effugere
1021 2946 1084 2988 nan
1100 2923 1214 3008 'potest
1241 2926 1291 3010 14,

186 3033 257 3115 52,
299 3034 488 3098 detrimento
518 3029 659 3110 atltlr'cti,
690 3040 726 3094 ut
751 3049 807 3095 res
837 3032 920 3094 male
949 3053 986 3096 ae
1009 3031 1126 3095 habeat
1148 3031 1197 3107 tt,
1223 3029 1288 3111 10.,

184 3145 334 3210 adflictus
356 3161 399 3206 ex
428 3139 560 3206 adflicta
588 3141 736 3203 solatium
765 3140 896 3221 capiens
926 3138 980 3220 26,
1008 3140 1077 3220 51.,
1109 3139 1140 3200 in
1172 3139 1291 3202 malum
1410 3189 1411 3195 ,

183 3251 351 3331 conjectus
371 3251 467 3325 beno,
489 3249 574 3329 qued
597 3229 860 3330 possidebat'ffi,
884 3249 952 3324 17.;
973 3249 1127 3330 temperis
1155 3247 1292 3312 calami-

183 3359 306 3422 tatibus
328 3356 447 3419 adflicti
471 3357 522 3440 18,
544 3357 611 3437 57.,
635 3377 754 3441 magna
776 3358 960 3422 calamitate
981 3355 1129 3418 adflictus
1161 3355 1208 3431 10,
1240 3355 1291 3424 38.
1372 3400 1374 3402 -

182 3465 253 3547 84,
286 3465 468 3530 calamitate
490 3465 620 3530 adflicta
639 3471 768 3550 (gensi,
803 3485 886 3550 quaa
914 3467 945 3527 in
974 3466 1056 3526 alios
1085 3466 1224 3546 superbe
1253 3482 1292 3526 aa

185 3577 271 3662 gerit
292 3575 325 3660 7,
355 3573 420 3654 75,
449 3573 683 3636 calamitatibus
711 3575 825 3637 iterum
853 3575 1030 3655 iterumque
1058 3571 1208 3636 adllictua
1237 3573 1288 3657 23,

184 3684 274 3765 262,
297 3684 328 3746 in
348 3683 521 3766 angustias
544 3682 695 3746 redactus
718 3681 748 3760 3,
770 3680 835 3760 39.;
863 3684 958 3746 rebus
980 3683 1116 3765 ingratis
1137 3682 1178 3744 ab
1201 3694 1290 3744 utre·

186 3813 249 3878 que
264 3788 364 3856 latere
378 3795 619 3876 propinquorum
635 3793 785 3856 adflictus
801 3791 852 3873 24,
877 3788 961 3871 174,
984 3793 1012 3854 ia
1027 3791 1080 3853 cui
1096 3809 1149 3853 res
1164 3791 1292 3871 ingrata

187 3901 305 3984 accidit
327 3900 379 3984 at,
403 3900 475 3968 409.
518 3899 569 3976 25,
593 3899 644 3970 55.
686 3897 742 3982 26,
764 3899 815 3966 81.
837 3898 905 3980 82,
926 3901 956 3962 in
979 3899 1062 3962 duaa
1076 3918 1129 3961 rea
1144 3899 1289 3980 ingratae

173 4009 335 4074 'ineitlena
359 4010 389 4086 7,
409 4009 479 4090 44,
508 4010 538 4074 ia
561 4011 614 4092 qui
637 4007 796 4072 desideria
818 4007 968 4072 adlectus
990 4026 1042 4070 rea
1062 4008 1122 4068 sibi
1151 4007 1292 4089 ingratas

189 4116 279 4180 videt
299 4114 353 4200 25,
376 4118 444 4196 51.,
468 4116 508 4182 etl
529 4132 596 4180 tem
618 4117 777 4200 ingratam
800 4127 935 4180 coaetus
969 4114 1023 4197 24,
1054 4111 1149 4194 328,
1174 4116 1205 4176 in
1230 4133 1318 4176 an-.
1369 4165 1372 4172 ,

192 4225 332 4306 gantiam
352 4223 504 4288 rodactua
524 4243 582 4306 par
602 4221 804 4289 mendamum
827 4221 878 4304 28,
908 4221 978 4290 157.
985 4240 996 4304 ,
1027 4224 1055 4286 ia
1083 4224 1138 4304 qui
1163 4224 1195 4288 iu
1222 4223 1293 4284 lano
