3070 4946
589 363 817 427 ..471-

157 560 219 624 dus
245 575 342 640 quum
369 554 446 620 mihi
471 528 685 619 vehementer
704 556 843 642 placeat,
862 553 1053 622 vertendum
1071 559 1148 624 erit:
1166 565 1258 642 quasi

158 680 248 738 esset
274 673 380 755 (vita)
406 673 511 756 loeus,
537 671 591 733 uhi
616 673 764 752 princeps
790 673 823 734 in
848 690 971 736 summo
1005 675 1138 756 cuspide
1165 678 1259 756 quie-

157 797 223 851 tem
248 790 344 870 oapit.
373 787 430 850 Sic
444 775 568 867 optime
589 785 699 848 dioere
725 794 857 868 poterat
881 787 922 850 ob
948 787 1271 870 vehementesruiae

157 904 257 989 neris,
271 901 357 986 qnod
384 901 494 964 sonari
521 919 585 962 uon
610 908 751 988 poterat,
780 900 917 967 dolores.
951 903 988 964 ln
1013 903 1121 968 rdtimo
1158 921 1258 968 versu

156 1067 294 1131 scenas:
320 1071 437 1172 sepo,
462 1069 600 1172 Μ,
630 1072 664 1128 et
690 1021 790 1158 onii.
816 1067 939 1129 rrov.
967 1067 1025 1129 aa
1052 1067 1106 1130 An
1124 1074 1255 1138 metrum

156 1229 253 1294 Serih
278 1231 429 1311 pertinet.
454 1230 576 1297 Prov.
604 1229 664 1292 29.
694 1229 747 1292 Ad
759 1235 895 1293 metrum
910 1231 1025 1296 Chaiii
1051 1234 1166 1298 referri
1180 1243 1256 1316 pot·
1377 1300 1382 1309 ,

159 1352 222 1406 est.
248 1343 365 1406 Prov.
381 1340 439 1406 30.
454 1342 631 1408 Proverhio
649 1332 773 1406 sensus
785 1354 836 1406 est
844 1364 939 1428 „rem
952 1347 1132 1420 absolutam
1145 1352 1251 1412 esse“.

155 1461 282 1528 Prov.
309 1459 370 1524 34.
393 1455 448 1522 Ad
471 1457 610 1523 metru‘m
634 1458 757 1539 Redjes
783 1462 933 1541 pertinet.
970 1464 1164 1534 Prov.36.
1191 1473 1256 1535 Pro

155 1577 266 1640 verbis
292 1584 403 1662 „tum
428 1584 522 1655 post
545 1573 730 1638 firmiter
753 1573 846 1659 liga
869 1587 942 1642 out
968 1573 1108 1648 laxa!“
1132 1586 1253 1656 elarius

155 1693 378 1774 scripsissem:
407 1697 475 1752 tum
499 1679 575 1771 post
603 1688 810 1760 vehementia
835 1698 926 1756 utere
952 1703 1009 1758 out
1034 1673 1148 1760 leniter
1171 1693 1253 1785 age!

156 1811 278 1888 Prov.
304 1808 364 1873 37.
391 1805 464 1872 seh.
489 1807 511 1869 l.
537 1805 571 1872 2.
598 1823 660 1902 pro
681 1805 878 1873 Sohaher
902 1787 1045 1876 serihas‘
1067 1814 1254 1908 Sohaoip

154 1923 344 1990 Prov.38.
373 1922 468 2001 Quod
493 1925 514 1986 1.
525 1923 562 1988 2.
586 1921 709 1985 adnott.
740 1922 859 2008 legitur
883 1924 1058 2009 Ahdhal,
1080 1929 1113 1993 id
1136 1931 1169 1993 in
1194 1951 1255 1996 oo-

153 2041 225 2110 dioe
251 2043 359 2105 Ber'ol.
387 2041 515 2105 0hdhai
541 2041 696 2123 seriptum
722 2049 784 2105 est.
810 2041 933 2106 Prov.
954 2044 1012 2107 46.
1038 2045 1092 2111 Ad
1117 2057 1255 2118 metrum

150 2157 278 2241 Redjes
303 2157 418 2222 referri
443 2167 564 2240 potest.
592 2153 717 2221 Prov.
746 2159 806 2223 51.
822 2145 937 2224 ¹sehol.
968 2160 989 2226 l.
1017 2161 1049 2226 5.
1084 2164 1157 2228 dele
1189 2185 1255 2229 vo-

28 2307 29 2310 *
150 2293 223 2338 nem
248 2293 346 2338 narn.
373 2277 418 2339 Ni
441 2277 545 2363 fallor,
573 2276 606 2339 in
631 2277 804 2358 proverbio
839 2276 963 2370 firmum
1000 2277 1095 2342 animi
1128 2299 1252 2362 propo·
1283 2261 1287 2266 ¹

149 2391 264 2470 situm,
290 2405 352 2466 quo
379 2408 446 2450 rem
470 2389 663 2470 aggreditur
689 2389 785 2449 homo
809 2398 844 2450 et
853 2389 989 2472 perficit,
1001 2391 1252 2454 commendatur.

148 2503 183 2564 N
186 2498 263 2560 imin
288 2499 396 2560 enutio
423 2515 496 2559 oum
523 2475 695 2579 prudentia
721 2500 902 2585 conjuncta,
934 2500 964 2560 si
989 2519 1010 2564 a
1034 2502 1166 2564 oonsilio
1192 2522 1253 2569 en·
1325 2491 1329 2494 ’

148 2611 270 2704 piendo
295 2618 328 2674 et
353 2613 563 2692 exsequendo
586 2630 651 2674 nos
691 2614 824 2698 retinet,
858 2613 983 2677 inutilis
1010 2623 1063 2678 est
1094 2616 1250 2686 habendo.

148 2735 279 2796 Prov.
299 2729 356 2792 52.
386 2727 546 2809 Ahjisoha
574 2721 674 2810 quum
699 2731 872 2813 imperator
897 2729 1016 2794 Ahlius
1040 2729 1114 2796 eam
1145 2738 1252 2819 eapti-

151 2865 230 2911 vam
255 2843 403 2933 ieeisset,
430 2842 555 2908 dixisse
582 2845 701 2909 fertur:
728 2839 850 2939 &aidi
871 2842 1025 2928 navah,
1050 2851 1109 2911 ihi.
1138 2849 1254 2917 Vooo·

153 2961 264 3027 bulum
288 2953 410 3052 Uis-Ui
437 2968 472 3024 et
497 2980 571 3026 euru
599 2961 705 3026 vocali
730 2962 890 3029 Dhamrna
913 2963 1042 3031 litterae
1067 2967 1125 3032 Ba
1150 2987 1255 3032 enun-

153 3079 268 3142 eiatur.
296 3075 418 3138 Prov.
447 3073 505 3160 53.
534 3076 617 3140 Cum
643 3077 704 3140 hoo
734 3079 905 3162 proverbio
938 3079 977 3143 C.
1008 3080 1039 3167 l,
1066 3080 1149 3144 222.
1176 3099 1257 3143 eon-

152 3194 289 3257 feratur.
331 3192 455 3258 Prov.
479 3181 537 3256 54.
582 3195 827 3258 Mohammedes
857 3194 1147 3280 pseudopropheta
1172 3194 1254 3261 haec

152 3308 257 3371 verba
282 3315 338 3368 sut
366 3309 502 3388 primum
529 3309 610 3372 dixit
634 3319 691 3372 aut
718 3317 794 3392 post
819 3307 972 3372 adhibuit.
1007 3314 1127 3374 Prov.
1145 3310 1256 3376 55.1n

152 3425 344 3508 proverbio,
384 3427 472 3510 qnod
513 3427 555 3491 nd
580 3436 719 3490 metrum
756 3424 853 3491 Sorih
885 3424 1000 3489 referri
1025 3435 1147 3507 potest,
1187 3445 1256 3489 vox

124 3533 262 3637 ⁴23,th
278 3509 320 3601 'in
346 3539 453 3606 littere
479 3563 550 3606 cum
578 3541 763 3606 'l'esohdido
789 3539 990 3605 scribendum
1016 3549 1080 3628 est,
1108 3540 1169 3605 sed
1181 3559 1258 3622 sae-¹

150 3657 280 3740 pissime
305 3656 354 3738 fit,
383 3665 420 3720 ut
447 3659 612 3722 omittatur
635 3659 669 3721 iu
695 3633 905 3723 enunoiando.
934 3656 1023 3721 Idem
1038 3657 1257 3743 proverbium,

152 3770 361 3852 transpositis
387 3773 498 3864 verbis
540 3772 578 3838 C.
608 3771 742 3860 25,15.
768 3771 939 3855 repetitum
965 3779 1029 3835 est.
1058 3772 1186 3836 Prov.
1197 3770 1256 3834 56.

150 3885 206 3948 Ad
234 3895 374 3950 metrum
401 3887 510 3951 Chaiii
527 3887 640 3951 referri
665 3894 783 3968 potest.
810 3888 847 3948 ln
871 3885 1004 3950 scholiis
1031 3887 1052 3948 Ι.
1071 3885 1104 3950 3.
1129 3882 1254 3948 scribas

150 3999 415 4066 Aiasehtaro
449 4001 669 4066 Alnaohii.
721 4002 843 4066 Prov.
874 3999 933 4068 57.
961 3996 1188 4062 ·Proverlrium
1215 3993 1257 4062 od

150 4117 292 4177 metrum
318 4115 423 4181 Camil
460 4117 573 4182 referri
599 4123 720 4198 potest.
774 4115 946 4182 Caeterum
971 4113 1003 4180 in
1044 4113 1156 4180 oodiee
1182 4111 1256 4178 Bar.

150 4224 212 4290 sio.
227 4223 363 4312 legitote
388 4219 484 4294 otiu
501 4227 601 4318 „nit
628 4240 678 4330 tf
701 4226 767 4325 Uti
780 4231 840 4296 mi.
866 4227 974 4296 Auum
987 4223 1256 4313 pseudoprophe-
