3126 4958
615 355 805 418 ...9=..

164 551 284 612 inillis
311 545 497 632 regionibus
532 562 656 607 summo
684 561 757 607 eum
783 541 888 608 studio
925 545 1054 630 fulgura
1091 548 1268 616 observare

165 675 200 728 et
224 665 375 728 timentes
398 681 438 723 ne
464 659 571 742 pabuli
596 660 703 742 inopia
730 660 858 739 oriatur,
904 661 1043 743 pluviam
1071 671 1182 744 optare
1209 686 1268 728 so-

165 783 233 844 lent
263 779 410 842 homines
437 775 543 840 conf.
574 776 631 862 19,
658 776 717 838 35.
749 775 829 839 109.
858 775 974 840 Nubes
1004 781 1158 866 aestatis7
1186 802 1269 863 quae

165 897 278 959 res'in
303 895 392 958 illis
422 892 608 976 regionibus
625 891 834 978 observatur,
860 911 936 954 mox
962 894 1050 956 abire
1076 896 1108 956 in
1129 892 1296 978 prover-'

165 1015 217 1076 bio
258 1013 316 1097 (C.
355 1011 412 1097 12,
439 1009 506 1091 87)
533 1008 688 1072 dicuntur.
726 1006 774 1070 lbi
796 1027 920 1090 quoque
946 1028 1042 1092 quum
1066 1030 1171 1074 verna
1196 1012 1270 1092 pln-

164 1130 221 1192 via
245 1147 308 1189 non
334 1125 496 1207 sufficiat3
534 1124 595 1186 sed
621 1123 759 1187 aestatis
786 1123 906 1209 pluvia,
932 1130 967 1187 ut
992 1123 1113 1188 herbae
1135 1145 1270 1189 conser-

164 1255 281 1309 ventur
320 1255 355 1308 et
393 1244 553 1306 frumenta
588 1242 715 1304 omnino
748 1249 981 1327 maturescant,
1010 1243 1194 1308 necessaria
1219 1245 1273 1322 sit,

37 1435 39 1442 ¹
163 1363 247 1426 haee
260 1357 343 1426 illius
361 1361 491 1443 pluviae
516 1359 674 1441 perfectio
689 1358 721 1419 in
734 1356 916 1439 proverbiis
930 1357 1014 1421 eonf.
1047 1359 1085 1421 C.
1100 1359 1142 1439 3,,
1162 1361 1193 1422 6.
1209 1381 1271 1443 ap.

164 1479 312 1561 pellatur.
366 1478 448 1557 Quis
474 1485 583 1540 autem
608 1477 727 1562 nescit,
754 1495 897 1559 vapores
923 1474 995 1539 illos
1020 1477 1214 1540 meridianos
1239 1478 1273 1540 in

164 1595 317 1672 desertis,
344 1610 445 1671 aquae
481 1593 627 1672 speeiem
652 1591 861 1676 praebentes,
887 1591 919 1651 in
953 1592 1112 1656 interitum
1139 1595 1270 1676 saepius

166 1711 286 1772 ducere
310 1701 486 1770 viatores?
525 1709 562 1769 In
579 1704 761 1787 proverbiis
788 1706 886 1788 igitur
913 1705 1046 1767 fallaces
1075 1717 1107 1771 et
1135 1710 1270 1773 menda-

169 1843 225 1887 ces
251 1825 455 1905 appetuntur,
482 1821 519 1885 c.
551 1821 606 1901 19,
633 1821 691 1884 ra.
740 1821 798 1904 aa,
828 1820 910 1882 ara.
939 1820 1021 1884 213.
1065 1824 1102 1884 In
1127 1808 1268 1904 plover-

168 1941 220 2004 blo
252 1941 290 2004 C.
318 1941 353 2026 2,
390 1939 470 2001 158.
503 1939 612 2022 frigidi
647 1937 747 2023 venti,
786 1937 825 2000 C.
853 1937 888 2024 9,
922 1939 978 2002 17.
1018 1937 1138 2004 fervidi
1172 1943 1273 2028 venti,

168 2059 207 2122 C.
238 2056 296 2140 10,
327 2056 406 2119 162.
434 2053 640 2117 occidentalis
673 2053 764 2116 venti
790 2055 909 2116 mentio
936 2055 1024 2118 facta
1051 2064 1113 2142 est,
1158 2059 1270 2140 quales

168 2176 200 2238 in
226 2175 288 2238 illis
315 2157 500 2255 regionibus
538 2172 622 2234 flare
647 2171 764 2234 solent.
816 2171 934 2234 Sidera
960 2191 1088 2254 quoque
1113 2175 1274 2238 Arabibus

167 2299 254 2377 nota,
281 2309 363 2372 qnae
390 2288 421 2350 in
447 2271 673 2370 tempestatem
712 2289 780 2348 vim
805 2305 961 2349 exercere
1000 2287 1038 2350 iis
1066 2288 1272 2376 videbantur,

167 2411 198 2470 in
224 2398 407 2490 proverbiis
433 2412 612 2466 occurrunt.
641 2401 679 2465 C.
710 2403 742 2488 1,
773 2403 856 2465 477.
898 2402 932 2489 7,
961 2402 1018 2465 73.

245 2523 380 2586 Plantae
406 2527 520 2604 autem,
548 2519 691 2605 arboreo,
731 2517 843 2602 fruges
869 2518 1067 2603 fructusque,
1102 2541 1121 2584 a
1159 2522 1274 2605 quibus

128 2645 133 2651 '
168 2636 340 2720 proverbia
380 2607 526 2698 desumtd
561 2644 655 2719 sunt,
714 2634 745 2695 in
773 2635 917 2696 Arabum
950 2636 1046 2695 terris
1074 2639 1276 2717 potissimum

170 2764 325 2818 creseunt
362 2757 394 2812 et
431 2767 542 2811 eornm
568 2750 705 2825 ¹indoles
733 2757 911 2832 naturaque
944 2748 990 2811 ita
1016 2750 1177 2835 descripta
1209 2761 1274 2839 est,

169 2880 205 2934 ut
230 2861 473 2951 proverbiorum
512 2866 622 2948 primis
651 2867 836 2931 auctoribus
872 2885 930 2928 eos
955 2867 1073 2949 optime
1099 2877 1191 2963 notos
1219 2871 1275 2935 fu·

169 2987 239 3050 isse
264 2981 440 3048 videamus.
474 2985 524 3046 De
564 2985 679 3065 plantis
706 2983 853 3045 conferas
882 2982 920 3045 C.
953 2981 984 3069 1,
1014 2983 1096 3047 127.
1137 2986 1171 3070 6,
1200 2987 1246 3048 76
1263 3008 1294 3083 3.

171 3105 212 3167 de
238 3103 404 3168 arboribus
446 3101 485 3164 C.
520 3103 550 3182 1,
589 3103 668 3169 124.
699 3100 782 3163 382.
818 3100 851 3179 2,
881 3099 961 3162 126.
1000 3095 1033 3180 8,
1064 3100 1120 3163 13.
1151 3100 1209 3165 36.
1244 3103 1278 3182 9,

173 3222 228 3286 18.
258 3221 316 3281 58.
374 3216 540 3297 13,139.
583 3218 639 3298 18,
674 3205 847 3298 1963118
886 3215 1031 3300 frugibus
1057 3217 1276 3299 fructibusque

174 3333 427 3421 1,128.167.
463 3330 497 3410 3,
527 3332 585 3393 75.
613 3351 661 3413 sq.
704 3328 821 3417 8,12.’
870 3331 929 3417 22,
958 3332 1016 3394 78.
1059 3334 1119 3421 28,
1152 3334 1235 3399 108.

245 3451 296 3512 Ab
325 3448 510 3511 animalibus
550 3453 598 3510 tot
622 3446 794 3529 proverbia
820 3453 889 3508 orta
914 3452 1001 3534 sunt,
1047 3456 1082 3511 ut
1110 3449 1141 3510 in
1169 3449 1275 3531 quali-

169 3573 224 3633 bet
249 3567 319 3630 fere
344 3565 465 3648 pagina
491 3571 663 3626 occurrant
689 3570 723 3624 et
748 3561 908 3644 exemplis
923 3561 981 3624 vix
1008 3581 1090 3643 opus
1118 3565 1170 3626 sit.
1198 3547 1275 3626 bla-

172 3688 277 3750 ximus
305 3701 415 3746 eorum
440 3699 591 3746 numerus
618 3680 650 3742 in
674 3679 817 3743 Arabum
843 3679 940 3741 terris
967 3679 1093 3743 vivunt.
1120 3682 1187 3743 Aut
1214 3681 1274 3742 do·
1305 3749 1309 3766 Ι

156 3803 305 3864 mastica
340 3809 415 3863 sunt
449 3809 484 3864 ut
511 3802 654 3865 camelus
685 3801 723 3864 C.
755 3803 787 3888 1,
816 3803 873 3865 69.
905 3804 962 3865 72.
990 3805 1057 3884 75,
1085 3823 1184 3887 equus
1217 3807 1271 3884 18,

175 3918 254 3998 161,
295 3918 369 3980 ovis
409 3916 439 3996 1,
471 3917 551 3979 183.
581 3917 660 3980 184.
689 3927 751 3981 eto.
780 3926 834 3981 aut
862 3919 964 4006 ferae,
999 3928 1034 3983 ut
1060 3920 1190 4002 hyaena
1222 3922 1280 3999 14,

173 4037 206 4096 9.
235 4034 293 4116 23,
321 4037 405 4122 449,
432 4037 526 4118 lupus
561 4038 595 4123 9,
624 4037 657 4100 7.
684 4056 750 4119 sqq.
779 4029 838 4123 22,
867 4036 949 4099 293.
1002 4039 1053 4100 Ab
1081 4038 1280 4121 animalibus,

174 4168 256 4232 quae
282 4153 444 4217 Arabibus
473 4155 641 4220 notissima
667 4165 760 4222 erant
786 4165 819 4220 et
845 4177 994 4239 magnam
1019 4159 1050 4218 in
1075 4158 1165 4220 vitae
1200 4157 1281 4218 rati-

175 4283 269 4330 onem
280 4269 347 4332 vim
363 4269 533 4354 habebant,
550 4274 708 4338 unanimus
718 4259 721 4266 ⁵
728 4275 971 4356 proverbiorum
984 4293 1148 4358 numerus,
1162 4291 1215 4334 ex.
1228 4290 1279 4354 gr.
