3082 4942
698 895 819 1056 mo.
853 951 932 1058 11.

375 1155 456 1224 lle
476 1153 855 1242 proverbiorum
875 1173 1022 1236 sensu
1041 1173 1258 1254 usuque
1289 1236 1294 1242 ,

350 1312 466 1380 Omnia
488 1317 657 1397 proverbia
677 1326 744 1382 tam
765 1334 865 1381 sensu
887 1333 982 1396 qoam
1004 1333 1065 1378 usu
1080 1316 1312 1398 quodammodo
1326 1317 1370 1382 ad

266 1419 426 1486 homiuem
446 1423 614 1487 referenda
635 1433 720 1488 sunt.
763 1422 871 1506 Major
892 1423 1132 1503 proverbiorum
1152 1444 1229 1507 pars
1250 1426 1290 1488 ab
1306 1427 1371 1488 ho-

266 1531 360 1594 minis
380 1531 496 1608 indole,
519 1531 701 1595 conditione
721 1530 884 1614 agendive
898 1531 1022 1593 ratione
1034 1529 1181 1594 derivato
1194 1539 1283 1595 orote
1296 1550 1370 1594 eum

266 1639 446 1706 bominibus
468 1642 632 1720 cohaeret,
655 1643 756 1706 minor
778 1662 887 1706 eorum
909 1662 996 1721 pars,
1027 1662 1110 1724 quae
1130 1663 1182 1706 res
1210 1653 1369 1726 spectant,

268 1751 381 1815 latiora
403 1770 502 1815 sensu
524 1751 566 1814 ad
587 1752 745 1816 bominem
773 1752 921 1832 pertinet.
971 1751 1126 1815 Omnibus
1153 1760 1262 1816 autem
1292 1771 1370 1832 pro·
1411 1805 1417 1817 .

267 1860 391 1922 verbiis
412 1859 452 1921 ab
474 1859 654 1920 hominibus
676 1857 815 1920 inventis
843 1856 1068 1939 hominumque
1096 1877 1156 1920 usu
1187 1859 1369 1920 constitutis

265 1967 326 2030 vix
345 1966 447 2026 ullum
470 1965 605 2045 cogitari
620 1973 738 2044 potest,
763 1962 848 2042 quod
871 1961 918 2025 ad¹
933 1963 1079 2024 homines
1091 1964 1294 2026 referendum
1306 1985 1372 2028 nou

267 2069 320 2134 sit.
362 2063 610 2130 Proverbiorum
623 2085 741 2130 sensus
751 2083 925 2147 ususquea
940 2067 1100 2146 proverbii
1111 2067 1221 2129 verbis
1239 2057 1370 2132 eorum-

268 2195 331 2259 que
350 2173 635 2255 signifloationibus
651 2193 751 2255 saepe
766 2173 897 2256 recedit,
920 2173 952 2234 id
970 2172 1055 2253 quod
1067 2191 1166 2254 saepe
1179 2174 1371 2240 observator

268 2283 300 2344 in
315 2281 501 2364 proverbiis,
527 2299 610 2362 quae
622 2281 787 2360 veteribus
804 2279 1018 2362 genuinisque
1032 2281 1192 2345 Arabibus
1205 2285 1372 2348 tribuenda

270 2398 353 2456 sunt.
395 2389 521 2453 Sensus
544 2407 624 2451 vero
646 2408 788 2471 ususque
808 2390 948 2451 maxime
969 2391 1176 2452 consentanei
1197 2402 1271 2455 suot
1291 2413 1371 2455 vor·

270 2500 381 2561 borum
403 2496 687 2580 significationibus
701 2498 731 2559 iu
746 2497 935 2580 proverbiis,
956 2516 1038 2579 quae
1056 2498 1097 2560 ab
1110 2500 1270 2562 Arabibus
1284 2499 1370 2563 haud
1402 2533 1407 2542 ·

243 2595 419 2688 'genuinis
441 2605 572 2667 inventa
593 2607 823 2668 sententiarum
845 2603 973 2667 modum
997 2613 1180 2687 sequuntur.
1223 2606 1312 2669 Idem
1338 2608 1371 2670 in
1462 2663 1466 2666 .

270 2717 465 2800 proverbiis,
497 2736 580 2800 quoe
603 2717 642 2779 ab
665 2716 769 2778 indole
793 2714 904 2797 majori
927 2714 1029 2798 gradu
1050 2723 1107 2778 aut
1128 2734 1286 2797 personae
1315 2729 1372 2782 aut

271 2830 397 2893 animali
418 2839 473 2894 aut
488 2833 533 2892 rei
550 2833 667 2893 tributa
682 2830 829 2893 desumto
844 2838 932 2911 sunt,
956 2831 1131 2892 observare
1142 2831 1224 2893 iicet.
1257 2831 1372 2895 Omnia

272 2948 379 3001 autem
400 2938 464 3020 illa,
497 2956 628 3019 quorum
656 2957 775 3000 sensus
804 2958 825 3001 a
851 2940 1020 3006 verborum
1049 2939 1282 3019 significatione
1310 2942 1372 3003 ab·

271 3046 395 3120 horret,
436 3044 561 3106 nonnisi
588 3044 751 3107 Arabibus
785 3043 917 3106 ducibus
953 3053 1043 3106 recte
1070 3063 1090 3106 a
1117 3045 1210 3108 nobis
1239 3046 1373 3130 intelligi

270 3160 427 3235 possunt,
461 3159 495 3212 ut
522 3150 624 3212 omnis
654 3167 788 3238 sensus,
820 3150 873 3238 qui
903 3167 972 3218 cum
1004 3150 1147 3212 Arabum
1178 3151 1372 3233 intelligendi

272 3259 366 3321 modo
386 3278 449 3320 uon
471 3257 661 3340 consentiat,
682 3255 816 3336 dubium,
835 3273 965 3318 movere
988 3255 1114 3337 debeat,
1135 3277 1209 3320 rmm
1230 3259 1262 3319 in
1276 3258 1373 3321 intel-

270 3366 406 3450 ligendis
428 3365 606 3447 proverbiis
636 3384 716 3428 usus
745 3365 885 3448 optimus
912 3366 1067 3447 magister
1099 3374 1159 3426 est.
1210 3365 1305 3445 Quae
1331 3365 1384 3446 od¹

270 3495 324 3540 res
344 3487 457 3560 gestas
479 3475 647 3539 referenda
669 3485 755 3560 suot,
784 3494 894 3539 eorum
925 3493 1056 3538 sensus·
1072 3475 1198 3536 nonnisi
1222 3485 1373 3538 accurata

269 3597 562 3668 rerumgestarum
585 3587 762 3668 cognitione
790 3594 938 3649 accurate
965 3565 1085 3667 percipi
1099 3592 1225 3670 potest.
1278 3586 1372 3666 Quae

269 3715 323 3760 res
346 3715 441 3779 quum
463 3699 508 3760 ita
528 3698 600 3774 sint,
624 3709 730 3759 tamen
752 3697 994 3777 proverbiorum
1017 3696 1213 3778 singulorum
1242 3714 1372 3758 sensum

270 3826 426 3888 usumque
461 3806 571 3888 primis
600 3805 796 3886 temporibus
824 3805 871 3866 eis
905 3805 1073 3880 tributum,
1105 3812 1221 3884 postea
1248 3805 1373 3868 ratione

268 3917 450 3992 verborum,
473 3933 558 3998 quae
578 3903 703 3977 varium
725 3933 856 3977 sensum
877 3933 1034 3996 usumque
1055 3903 1267 3995 admitterent,
1289 3933 1375 3996 pau-

268 4024 356 4087 latim
378 4031 532 4087 mutatum
556 4042 632 4087 esse
653 4023 765 4106 negari
785 4043 848 4085 non
876 4031 992 4106 potest.
1046 4023 1119 4103 Qua
1147 4026 1180 4087 in
1209 4044 1244 4087 re
1273 4042 1375 4089 eausa

270 4133 453 4217 quaerenda
475 4140 538 4214 est,
561 4149 617 4193 cur
636 4132 837 4214 grammatici
853 4131 885 4192 in
906 4149 1004 4192 sensu
1028 4150 1156 4214 usuque
1183 4120 1375 4214 proverbio·
1412 4132 1420 4138 ’

269 4260 340 4304 rum
361 4235 761 4316 eorrstituendointerdum
780 4236 812 4298 in
834 4244 899 4298 tam
919 4237 1028 4299 varias
1050 4238 1214 4315 opiniones
1240 4237 1375 4301 abierim
