3022 4940
716 353 941 420 ..m-

234 538 241 554 ’
284 553 498 642 octuaginta
539 567 694 616 annorum
729 545 814 610 diem
857 543 944 608 obiit.
997 541 1103 607 Poeta
1138 543 1249 629 gentis
1273 546 1385 610 Banu-

283 673 396 740 Ahmir
421 673 452 736 b.
480 669 572 736 cirac
599 665 735 748 plurium
761 680 891 746 quoque
916 659 1070 724 librorum
1092 669 1208 724 auctor
1234 669 1298 724 est.

356 781 747 853 Ahbd·Alrahman
779 778 815 841 b.
849 774 1183 840 Almofadbdhel
1224 778 1284 863 (C.
1322 779 1388 866 24,

284 908 363 989 67).
399 905 450 968 De
475 903 537 966 boc
562 899 633 962 viro
661 897 704 958 nii
729 895 809 958 certi
834 892 949 956 babeo.
1001 893 1057 955 Nil
1085 891 1219 956 obstare
1244 894 1389 984 videtur,

284 1021 361 1108 quin
387 1019 473 1082 iilius
499 1017 595 1080 unius
621 1012 767 1074 virorum
793 1005 1074 1072 celeberrimorum
1104 1007 1156 1088 sit,
1182 1009 1298 1091 quibus
1324 1029 1392 1074 no..

286 1157 360 1202 men
384 1128 637 1202 Almoiadbdhei
662 1136 725 1192 est.

359 1249 560 1315 Alabmar
584 1263 645 1308 seu
672 1242 801 1308 chalc
825 1240 1030 1305 Alabmar
1056 1239 1114 1321 (C.
1141 1242 1201 1326 21,
1228 1240 1289 1308 36.
1327 1245 1395 1332 23,

287 1367 399 1453 152).
451 1368 612 1446 Tempore
637 1359 837 1446 atu-saint,
863 1358 919 1442 qui
944 1374 1026 1420 anno
1053 1355 1126 1422 215
1154 1359 1306 1422 1111211
1332 1371 1396 1426 aut

288 1483 362 1548 216
389 1483 478 1568 obiit,
504 1479 605 1564 degit.

361 1583 479 1647 Atha
503 1581 534 1643 b.
561 1581 598 1644 M
607 1577 744 1640 onibb.
797 1577 848 1640 De
873 1571 947 1638 hoc,
965 1571 1050 1659 viro,
1079 1573 1175 1658 cujus
1200 1574 1233 1638 in
1256 1573 1395 1658 praesse

287 1699 375 1765 tione
401 1697 555 1763 Meidanii
590 1695 709 1758 mentio
744 1692 834 1758 sacta
860 1699 924 1778 cst,
952 1691 996 1753 nil
1021 1690 1139 1777 habeo,
1166 1692 1250 1774 quod
1276 1692 1395 1758 dicam.

287 1815 434 1882 Occurrit
459 1814 532 1895 ejus
556 1831 673 1874 nomen
699 1813 731 1873 in
750 1808 885 1872 scholiis
914 1807 953 1870 C.
982 1807 1041 1892 21,
1069 1806 1128 1876 15,
1207 1825 1210 1835 s

359 1927 580 1992 Aiashari.
632 1928 760 1988 Nomen
794 1925 901 2010 gessit
926 1925 1164 1987 Abu-Manzur
1188 1924 1396 1992 Mohammed

286 2048 316 2112 b.
342 2044 471 2108 Ahmed
496 2045 526 2106 b.
553 2042 698 2108 Alashar
724 2043 755 2106 b.
781 2041 926 2105 'l'balhab
950 2042 981 2103 b.
1007 2040 1086 2104 Nuh
1112 2040 1396 2106 1111111111-

286 2163 345 2226 har
371 2160 530 2224 Alheravi
547 2158 790 2242 lexicographia
814 2166 881 2220 tam
893 2157 1044 2244 insignis,
1070 2164 1106 2222 ut
1130 2157 1172 2220 ad
1198 2177 1300 2220 uuum
1320 2178 1395 2222 om-

286 2299 346 2343 nes
385 2278 418 2341 in
459 2277 531 2360 ejus
571 2276 667 2340 leude
707 2274 923 2339 consentiant.
975 2274 1238 2338 Jurisconsultus
1265 2274 1399 2339 scholae

287 2393 457 2460 Schafeihi
486 2394 647 2458 addictus,
664 2400 698 2455 et
723 2392 843 2456 relator
879 2390 1013 2472 (Rawi)
1040 2391 1274 2471 Almondsarii,
1300 2391 1400 2456 Abu-

285 2503 453 2578 l’Ahbbasi
480 2509 620 2572 'fsahlcb
647 2510 852 2591 aliorumque.
903 2509 991 2570 Inter
1017 2512 1134 2591 gentes
1161 2508 1306 2570 Arabum
1334 2508 1401 2571 iter

284 2626 406 2692 iaciens
434 2625 565 2712 liuguae
589 2626 828 2709 perfectissime
867 2605 1044 2688 discendae
1072 2623 1234 2690 studebat.
1285 2625 1402 2690 Natus

288 2761 371 2807 anno
400 2744 485 2830 282,
512 2743 576 2807 fine
602 2745 675 2807 anni
691 2743 776 2829 370,
802 2743 981 2805 secundum
1006 2741 1086 2804 alios
1113 2740 1198 2828 371,
1220 2741 1253 2801 in
1280 2741 1405 2824 oppido

287 2859 393 2923 flerat
418 2859 504 2922 obiit.
554 2861 607 2922 Ab
634 2880 697 2923 evo
724 2877 785 2920 suo
816 2877 997 2941 cognomen
1023 2855 1177 2920 Alasheri
1205 2859 1346 2938 accepit.

332 3051 340 3064 v
364 2974 604 3037 Alazmbih.
668 2976 798 3036 Nomen
822 2974 886 3035 viri
911 2982 964 3035 est
990 2971 1190 3037 Abu-scinu
1214 2973 1407 3037 Ahbd-Al-

288 3091 385 3155 maiic
417 3089 448 3152 b.
477 3085 598 3149 Koraib
634 3087 667 3149 b.
693 3087 790 3149 Zelih
824 3095 888 3151 etc.
955 3086 1071 3151 Genus
1113 3087 1186 3170 ejus
1221 3108 1328 3172 usque
1357 3091 1409 3155 ad

289 3205 429 3269 Modher
465 3205 497 3265 b.
525 3201 635 3265 Nesar
672 3202 853 3267 deducitur.
896 3189 1088 3288 cognomen
1113 3181 1271 3268 ¹Albubeli
1296 3215 1360 3270 aut
1387 3229 1411 3272 a

288 3319 425 3384 Bahileh
462 3339 566 3385 uxore
593 3321 704 3385 Malioi
730 3322 760 3385 b.
789 3321 914 3407 Ahzar,
952 3328 1010 3383 aut
1035 3340 1054 3382 a
1080 3321 1236 3385 Behilaho
1263 3324 1294 3386 b.
1325 3324 1411 3387 nh-

288 3457 358 3526 zar,
386 3459 566 3526 cognomen
593 3439 779 3528 Alezmiih‚
807 3458 871 3521 qno
891 3438 1153 3501 maximo-notus
1171 3438 1236 3525 est,
1265 3441 1306 3502 ab
1337 3462 1411 3504 avo

289 3571 351 3616 suo
380 3555 540 3619 Alazmah
567 3555 796 3640 cognominato
813 3554 952 3635 accepit.
980 3553 1255 3640 Lexicographia,
1284 3576 1414 3640 gram-

289 3655 420 3756 matica,
445 3670 583 3733 historie
608 3664 749 3766 ()i.›,>'t)‚
768 3671 950 3734 rarioribus
965 3665 1023 3767 (jd
1033 3666 1132 3756 isit),
1160 3671 1416 3736 narrationibus

293 3775 434 3871 lepidis¹7
473 3786 655 3870 peregrinis
689 3786 828 3849 vocibus
863 3784 992 3880 (eug-i)
1030 3791 1140 3852 clarus
1166 3797 1247 3851 crat.
1315 3789 1416 3852 Sunt

291 3909 431 3990 antem,·
446 3901 501 3984 qui
528 3902 558 3962 ei
583 3919 647 3964 non
662 3911 785 3966 tantam
800 3901 964 3968 doctrinae
983 3906 1121 3991 copiam,
1149 3915 1307 3987 quantam
1326 3925 1417 3970 ser-

290 4017 404 4082 monis·
422 4019 617 4104 elegantiam
655 4019 807 4107 tribuant,
842 4031 879 4084 ut
905 4039 1057 4086 sermone
1090 4041 1152 4086 suo
1177 4023 1261 4087 aiios
1288 4024 1413 4088 minus

292 4133 438 4220 doceret
452 4129 559 4218 quam·
573 4129 775 4202 delectaret.¹
821 4139 1020 4228 Discipulos,
1048 4141 1101 4228 qui
1127 4141 1200 4223 ejus
1226 4139 1320 4205 dicta
1347 4163 1420 4207 re·

291 4252 426 4340 ferrent,
444 4251 556 4317 habuit
574 4253 935 4344 Ahbd-Aimhmanum,
951 4255 1052 4323 fllium
1077 4255 1188 4322 fratris
1212 4257 1265 4321 sui
1281 4257 1422 4324 Ahbd-
