3022 4940
563 359 788 426 -mm

131 556 247 636 liberat,
271 549 453 634 lugieudum
476 555 528 611 est
550 548 582 630 1,
603 545 673 612 354.
698 548 752 610 Ν1
772 548 868 631 igitur
889 523 1050 611 mentiaris
1067 560 1226 618 cutmen*

132 662 202 726 daci
220 659 354 724 similem
375 667 409 720 to
430 674 529 740 geras
554 654 609 739 23,
630 651 711 731 419,
731 673 805 717 nam
829 654 1048 738 mendacium,
1078 660 1137 720 etsi
1151 662 1228 724 utile

134 770 270 849 videtur,
293 768 347 831 tibi
368 765 497 829 nocebit
516 765 548 842 8,
566 762 618 831 49.
662 763 724 828 Cui
745 761 943 827 mendacium
973 761 1177 851 dietum-eat,
1200 769 1229 835 is

133 879 243 955 nescit,
268 876 427 958 quomodo
447 875 596 938 mandato
620 871 818 957 obsequatur
845 873 898 954 23,
921 873 992 940 394.
1033 874 1230 942 Praesertim

132 985 325 1048 mendacium
350 965 463 1046 annosi
483 982 641 1063 vituperio
664 978 790 1063 dignum
813 989 863 1042 est
887 980 936 1062 18,
956 979 1007 1046 34.
1052 983 1116 1063 Qui
1138 1005 1232 1050 men-

132 1091 252 1158 dacium
275 1092 415 1174 protulit,
438 1091 553 1154 saltem
574 1089 731 1168 mendacii
752 1090 804 1150 sui
825 1107 866 1150 ne
889 1087 1230 1171 obliviscaturll‚336.
1299 1147 1300 1151 ,

130 1203 181 1285 22,
201 1200 272 1267 300.
314 1199 351 1262 ln
372 1200 539 1262 sententiis
559 1218 622 1259 non
643 1198 730 1259 clare
752 1197 920 1278 explicatis
942 1197 1073 1262 libertas
1095 1177 1115 1264 a
1136 1223 1231 1266 men-

131 1310 227 1375 daciis
250 1319 300 1373 est
322 1310 352 1395 1,
375 1308 425 1406 26.
469 1309 564 1372 Licet
583 1307 723 1371 mendax
746 1306 898 1369 interdum
928 1327 1031 1372 verax
1058 1320 1109 1375 est
1132 1317 1160 1392 1,
1178 1309 1230 1386 33,

129 1426 232 1482 tamen
253 1417 399 1479 mendaci
414 1436 455 1478 ne
477 1415 559 1477 fides
579 1413 735 1475 habeatur
758 1415 786 1489 1,
809 1413 879 1510 155.
903 1418 988 1482 cont
1012 1419 1041 1502 1,
1066 1419 1137 1487 448.
1168 1422 1232 1502 Qui

130 1527 296 1587 scabiosos
317 1522 415 1585 habet
436 1519 589 1592 camelos,
602 1516 632 1578 ei
654 1536 813 1598 uunquam
824 1516 919 1581 iidem
937 1517 1075 1586 habeas!
1097 1526 1151 1608 23,
1159 1523 1234 1594 390.

132 1633 312 1712 Antequam
334 1629 468 1711 cognita
488 1634 548 1700 est,
579 1644 621 1686 ne
649 1624 696 1684 rei
721 1623 818 1685 fidem
845 1624 966 1688 habeas
1001 1625 1029 1710 1',
1050 1630 1128 1710 3343
1176 1635 1236 1697 sed

133 1737 205 1802 audi
229 1745 262 1799 et
281 1755 344 1796 nou
364 1751 478 1796 verum
502 1750 579 1795 esse
600 1722 695 1812 puta!
722 1730 771 1806 12,
797 1731 867 1797 180.
886 1733 1083 1799 Praetextus
1109 1757 1263 1822 quoque·

133 1843 237 1911 falsus
258 1843 456 1924 vituperetur
480 1840 528 1917 18,
561 1839 630 1904 117.
675 1838 726 1913 23,
758 1837 815 1903 341
858 1849 891 1902 ot
927 1847 1155 1910 exeusationes
1186 1849 1238 1911 ni·

134 1951 216 2014 miae
239 1947 320 2022 1,19
342 1955 374 2010 ct
396 1947 512 2029 quibus
535 1945 653 2008 veritas
676 1952 810 2006 nonest
834 1945 967 2029 18,281.
990 1951 1075 2014 conf.
1097 1953 1236 2036 24,250,

134 2060 252 2134 Minae,
276 2076 358 2140 quae
382 2075 444 2119 non
467 2062 671 2136 peraguntur,
693 2053 884 2136 vituperium
912 2061 1143 2146 merentur-21,
1169 2065 1237 2131 107.

66 2191 68 2196 ·
134 2163 272 2247 eon1.6,
298 2160 365 2230 105.
408 2162 534 2245 22,14.
576 2162 684 2224 Minas
707 2161 770 2226 leni
810 2163 861 2248 10,
884 2163 934 2229 70.
956 2185 1062 2251 neque
1082 2172 1154 2253 plus
1174 2175 1236 2235 mi-

133 2275 230 2357 111111,
251 2289 346 2355 quam
369 2269 527 2354 perlicere
549 2262 660 2354 potes!
685 2268 738 2345 21,
760 2268 789 2334 7.

565 2543 682 2643 CAp.
715 2535 844 2630 ΙΙΙ.

220 2715 281 2771 llo
299 2723 494 2770 sermome
511 2710 638 2782 tur-pt,
654 2708 887 2778 blanditiis,
904 2710 1162 2779 monimus.

223 2863 338 2928 Seruio
362 2863 461 2946 turpis
489 2861 722 2945 vituperandus
754 2871 803 2925 est
833 2861 965 2940 12,157
1021 2865 1155 2949 eiusque
1185 2889 1241 2932 ra-

137 2975 256 3038 tionem
279 2971 513 3051 1115151113,
535 2970 599 3056 tt,
621 2991 694 3035 nam
718 2969 818 3036 verba
840 2973 943 3055 turpio
964 2992 1023 3037 nos
1049 2995 1112 3036 uon
1134 2975 1245 3038 audire

137 3079 235 3144 decet
263 3078 358 3163 6,16
402 3088 435 3142 et
460 3080 510 3142 vir
539 3097 721 3163 generosus
752 3080 855 3162 turpia
882 3079 993 3142 audire
1014 3101 1076 3143 non
1098 3083 1168 3143 vult
1192 3079 1244 3163 14,

138 3183 192 3250 33.
215 3185 352 3268 cou1.3,
377 3187 448 3252 133.
491 3185 523 3271 6,
555 3183 602 3252 16.
623 3186 673 3252 92.
704 3187 928 3250 duramentum
967 3187 1168 3252 temerarium
1190 3189 1246 3251 vi·-

12 3311 13 3316 ’
140 3289 268 3370 tuperio
301 3275 430 3370 dignum
460 3298 511 3351 ert
553 3289 592 3372 5,
625 3289 654 3352 7.
684 3298 718 3351 et
749 3290 965 3370 juramentum
1008 3292 1124 3355 falsum
1161 3296 1246 3359 mul·

138 3405 209 3460 tum
230 3402 327 3458 nocet
354 3394 408 3476 28,
437 3394 504 3461 105.
540 3394 657 3459 Rixam
681 3395 770 3456 evita
813 3394 841 3470 1,
871 3393 942 3460 230.
975 3405 1008 3459 11
1037 3397 1248 3480 litigationem

97 3575 105 3588 ι
142 3505 173 3582 1,
196 3501 267 3569 387.
289 3519 384 3583 cave,
413 3519 475 3566 uec
495 3521 558 3564 non
588 3500 823 3563 contentionem
848 3501 879 3564 iu
909 3501 1097 3585 disputando
1127 3507 1159 3592 8,
1195 3509 1247 3594 75,
1314 3494 1317 3500 ’

138 3632 217 3676 nam
240 3613 292 3696 qui
313 3611 500 3693 disputavit,
522 3609 670 3673 deliravit
690 3605 739 3686 27,
767 3606 835 3674 174.
859 3609 913 3672 Ν1
934 3631 1013 3675 vcro
1036 3616 1247 3682 animumde-

139 3724 254 3804 prime,
276 3729 310 3782 ut
330 3717 528 3802 respondere
557 3737 620 3781 nou
643 3717 753 3798 possis
782 3716 835 3800 23,
859 3717 931 3785 230.
974 3721 1043 3786 Sed
1072 3721 1250 3791 adversare

142 3837 179 3892 et
201 3839 236 3893 tu
256 3830 286 3890 in
311 3827 495 3891 memoriam
515 3817 740 3890 revocaberis!
766 3823 796 3904 7,
820 3825 852 3892 8.
881 3827 994 3892 Sereno
1017 3831 1096 3894 lenis
1108 3852 1251 3900 amorem

143 3937 239 4002 uobis
261 3937 409 4000 coneiliat
432 3933 484 4016 24,
508 3933 581 4000 528.
608 3932 807 4015 ‚Lorrgitudo
829 3934 958 4017 liuguae
980 3940 1189 4022 vituperanda
1200 3954 1252 4028 est

147 4043 200 4128 16,
224 4043 276 4112 90.
318 4044 423 4108 Unum
445 4043 579 4105 verbum
591 4041 747 4123 patienter
758 4040 845 4123 audi,
868 4061 909 4104 ue
922 4045 1011 4125 plura
1027 4047 1251 4115 tibieudiende

143 4151 232 4216 sint!
255 4153 307 4236 24,
329 4151 399 4219 605.
442 4153 496 4214 Ne
518 4152 695 4226 auscultes,
724 4148 793 4213 liar-i
824 4152 906 4214 euim
934 4161 1061 4238 potest,
1083 4165 1118 4219 ut
1139 4160 1251 4239 verba,

144 4277 234 4342 quae
255 4257 311 4322 tibi
332 4259 534 4344 displiceant,
555 4257 669 4322 audies
691 4253 741 4333 24,
764 4253 835 4324 482.

996 4365 1041 4425 12
