3126 4958
654 383 863 446 ..09-

224 569 363 653 septima
384 563 537 650 tomporls
560 563 748 631 chatifarom
769 564 1021 650 0majjadarurn3
1042 567 1073 631 in
1096 575 1216 636 octava
1228 579 1314 635 tem·

213 673 577 756 porisAhbbasidarurn.
621 674 765 758 Singulis
775 679 954 758 proverbiis
967 697 1176 763 personarum
1186 679 1315 744 nomina

212 797 279 852 tum
300 791 466 848 auctorum
488 789 555 844 tum
577 799 696 859 aarum,
728 784 885 867 aquibus
916 787 1063 852 derivata
1086 795 1171 876 sunt,
1203 796 1257 852 aut
1283 789 1315 853 in

214 911 349 976 quarum
371 901 495 974 tempus
518 889 646 968 cadunt,
668 891 887 974 adposuimus.
929 897 994 977 Qui
1007 897 1316 980 igituraarumper-

211 1022 362 1067 sonarum
384 1010 524 1066 aetatem
544 1002 725 1066 accuratius
748 1003 834 1066 scire
865 1005 964 1091 cupit,
999 1005 1136 1069 iudicem
1157 1005 1312 1090 gentium,

211 1113 352 1176 virorum
375 1118 441 1176 eto.
461 1110 568 1196 odeat,
591 1111 623 1174 in
644 1129 706 1195 quo
727 1113 880 1178 nonnulla
907 1113 974 1179 buo
1004 1116 1187 1200 spectantia
1210 1113 1315 1178 adno-

210 1225 280 1284 tata
300 1227 384 1282 sunt.

289 1328 365 1392 Jam
387 1328 524 1393 tabellae
545 1338 730 1413 sequuntur.

656 1543 776 1670 Gap.
813 1547 863 1636 V.

347 1705 408 1761 lte
425 1687 662 1775 prover-blla
679 1719 763 1763 usu
779 1708 954 1766 mutati·
972 1713 1014 1766 et
1032 1710 1178 1767 auctir.

295 1850 418 1932 Verba,
440 1868 523 1934 quae
545 1851 704 1916 hominum
725 1872 788 1916 usu
810 1852 841 1915 in
862 1852 1109 1935 proverbiorum
1136 1857 1317 1917 eonsuetu-

211 1957 315 2020 dinem
346 1965 516 2040 venerant,
546 1977 584 2019 eo
614 1957 701 2041 quod
723 1960 877 2023 memoria
902 1960 1255 2042 comprehendebantur
1282 1970 1316 2024 et

207 2067 366 2129 communi
386 2068 417 2130 in
439 2083 503 2130 usu
519 2073 622 2147 erant,
647 2066 797 2129 oblivioni
819 2074 930 2152 erepta
947 2070 1087 2152 posteris
1100 2068 1318 2136 tradebantur.

206 2176 311 2237 Multo
334 2185 506 2266 antequam
527 2193 547 2236 a
568 2176 787 2257 grammaticis
808 2176 840 2240 in
864 2177 952 2268 libris
975 2178 1112 2242 collecta
1130 2186 1232 2261 erant,
1253 2179 1318 2243 ho-

208 2283 325 2346 minum
348 2282 502 2345 memoria
524 2284 811 2359 conservabantur.
863 2283 978 2349 Omnia
999 2295 1119 2368 autem,
1149 2306 1233 2368 quaa
1253 2307 1319 2351 non

207 2393 338 2473 scripta,
360 2390 420 2453 sod
441 2392 529 2478 vulgi
551 2394 722 2456 memoriae
744 2393 860 2456 tradita
880 2394 1023 2476 pluribus
1046 2395 1318 2457 hominibussae-

208 2501 280 2582 pius
306 2500 338 2562 in
370 2517 464 2563 usum
486 2500 630 2582 veniunt,
652 2501 758 2582 magis
785 2487 957 2586 magisque
982 2511 1141 2566 mutentur
1176 2519 1317 2566 necessa
1390 2475 1394 2494 ι

209 2617 270 2672 ost
314 2608 484 2689 Quaedam
507 2609 539 2672 in
561 2609 742 2692 proverbiis
764 2611 866 2674 verba
888 2610 1083 2674 adsensum
1116 2610 1319 2674 constituen-

209 2718 283 2782 dum
306 2718 411 2782 minus
433 2719 618 2782 necessaria
641 2719 742 2781 omitti
773 2726 919 2800 possunt,
950 2718 1121 2782 verborum
1147 2719 1225 2784 ordo
1250 2718 1320 2783 sine

207 2825 324 2892 damno
356 2825 512 2889 interdum
541 2826 717 2907 invertere,
750 2843 847 2888 unam
872 2843 992 2888 vocem
1023 2845 1082 2909 pro
1110 2829 1226 2914 altera,
1255 2846 1320 2911 qua

209 2954 328 3002 sensus
350 2937 448 3001 totius
469 2936 629 3018 proverbii
650 2955 713 2999 non
735 2935 886 3012 variatur,
907 2952 1028 3017 ponere
1049 2935 1133 2998 licet.
1174 2935 1260 2999 Rem
1274 2936 1319 2998 ita

207 3044 329 3109 factam
352 3065 437 3125 esse,
460 3067 502 3110 ex
525 3067 564 3109 eo
587 3045 737 3129 conjicio,
770 3044 855 3127 quod
882 3044 997 3109 eadam
1025 3044 1199 3126 proverbia
1225 3043 1319 3105 vario

209 3154 305 3217 modo
327 3155 452 3236 prolata
480 3153 522 3217 ad
550 3137 693 3218 nostrum
727 3161 856 3234 tempus
882 3159 1099 3235 pervenerunt
1135 3151 1244 3214 conf.
1279 3149 1319 3212 C.

212 3258 241 3341 1,
264 3259 336 3326 334.
379 3261 408 3336 2,
432 3259 503 3325 110.
546 3260 596 3344 15,
619 3263 670 3328 30.
693 3259 743 3327 44.
785 3261 837 3339 22,
852 3259 902 3324 27.
939 3259 990 3342 23,
1015 3259 1042 3326 1.
1065 3257 1137 3328 205.
1173 3258 1227 3342 24,
1242 3255 1315 3325 268.

209 3365 281 3433 269.
305 3367 369 3430 270
391 3375 423 3428 et
444 3385 465 3429 a
477 3368 698 3448 grammaticis
718 3367 808 3430 vario
828 3367 923 3429 modo
946 3366 1098 3432 adnotata
1118 3376 1202 3431 sunt.
1225 3368 1319 3432 Conf.

208 3485 260 3571 26,
292 3485 340 3552 70.
392 3485 451 3550 Sic
477 3504 606 3570 quoque
626 3485 829 3569 proverbium
855 3466 1102 3572 0140λρμό
1137 3486 1176 3549 0.
1210 3485 1258 3562 17,
1289 3483 1317 3550 1.

208 3605 411 3688 transpositis
434 3604 545 3668 verbis
570 3605 601 3668 in
624 3605 760 3668 Knmusi
782 3623 878 3688 opere
898 3597 968 3682 ‘⁴23
972 3581 1160 3694 ,13404111
1179 3603 1307 3687 legitur.

295 3713 417 3778 Pontes
439 3713 599 3777 variorum
621 3721 798 3796 temporum
830 3713 1000 3795 proverbia
1029 3711 1125 3775 modo
1153 3712 1320 3776 immutata

212 3821 308 3886 modo
331 3821 597 3904 quemadmodum
624 3839 677 3884 res
708 3821 904 3904 postulabat,
937 3829 1059 3885 mutata
1087 3821 1239 3884 versibus
1267 3817 1321 3880 in-

210 3932 365 4011 seruisse,
388 3932 521 4011 saepius
543 3929 763 3993 observemus.
806 3928 928 3991 Prioris
950 3928 994 3992 rei
1013 3930 1160 4011 exempla
1175 3923 1318 4010 pluribus

212 4037 292 4101 locis
317 4035 553 4121 00111016,
577 4034 658 4104 5.8.
703 4035 753 4117 18,
775 4033 844 4102 160.
880 4033 930 4116 19,
953 4032 1004 4102 26.
1045 4037 1098 4122 20,
1122 4037 1152 4102 2.
1192 4034 1245 4119 21,
1268 4033 1318 4100 22.

213 4143 263 4211 38.
285 4143 335 4212 49.
378 4145 433 4222 22,
456 4143 505 4212 31.
527 4147 578 4214 32.
599 4145 650 4214 44.
673 4143 743 4214 135.
766 4143 844 4216 146.
859 4152 1039 4209 ocorurunt.
1091 4143 1318 4222 Mutationem,

214 4267 308 4332 quam
331 4255 363 4315 in
385 4255 535 4318 versibus
557 4255 729 4336 proverbia
748 4254 910 4330 subierint,
931 4262 986 4318 aut
999 4255 1152 4318 minorem
1171 4260 1228 4315 aut
1244 4266 1318 4312 ma·
