3082 4942
700 325 929 394 ...102-

267 517 417 584 flduciam
435 517 583 599 posueris
600 518 626 594 1,
636 514 703 598 55,
724 517 755 579 iu
777 515 905 580 lromioo
927 513 1045 577 fiducia
1068 511 1197 595 indigno
1218 511 1372 578 fiduciam

269 627 363 714 posui
386 627 434 703 12,
460 625 551 710 178,
579 627 619 706 is,
643 627 674 688 iu
697 645 770 708 quo,
792 641 810 688 a
833 624 924 686 nobis
946 623 1051 705 posito
1074 640 1151 703 spes
1173 637 1233 684 nos
1255 609 1373 688 fefellit

269 733 374 810 Md.
416 733 466 810 22,
489 733 559 813 54,
592 734 779 798 commisisti
806 733 835 794 ei
857 751 934 805 rem,
956 730 1011 811 qui
1033 729 1249 810 perficiendae
1268 731 1374 811 impar

271 851 323 908 est
343 841 376 926 6,
402 843 467 905 117.
475 858 486 920 ,
508 841 595 903 misit
615 840 655 904 ad
678 857 745 902 rem
767 837 929 900 difficilem
949 839 1053 899 virum
1077 836 1211 898 debilem
1234 837 1289 920 20,
1299 837 1372 919 68,

272 931 428 1032 praefecit
449 947 553 1008 virum
564 943 648 1008 haud
664 943 761 1008 lidum
779 945 825 1006 rei
836 943 888 1022 24,
901 943 991 1028 282,
1016 943 1225 1024 conquereris
1236 961 1309 1007 cum
1320 965 1374 1022 eo,

271 1058 327 1140 qui
348 1054 498 1138 querelae
519 1061 597 1116 tuae
617 1053 735 1116 nullam
755 1053 910 1117 rationem
931 1051 1029 1114 habet
1050 1051 1084 1132 3,
1106 1049 1157 1115 34.
1248 1055 1257 1064 “

358 1155 393 1244 §.
413 1159 444 1224 4.
487 1159 549 1220 Do
581 1157 732 1240 agundi
761 1158 923 1219 rationo
951 1160 989 1220 in
1016 1161 1140 1222 rebus
1174 1167 1213 1222 et
1243 1161 1375 1224 condi.

269 1264 643 1346 tionibus,quibus
662 1264 857 1326 felicitas
879 1264 1050 1326 hominis
1070 1274 1139 1346 aut
1160 1285 1375 1348 promove·

269 1381 423 1438 turaut
444 1372 646 1438 turbatur.
688 1372 726 1447 a)
750 1373 805 1434 De
829 1371 999 1436 divitiis
1031 1383 1074 1436 et
1105 1384 1373 1458 paupertate.

269 1483 456 1547 inferiorem
475 1484 566 1546 vitae
586 1489 709 1546 sortem
732 1483 764 1546 io
784 1501 823 1546 so
844 1485 994 1566 suscipit,
1028 1493 1064 1546 ut
1095 1485 1208 1566 opibus
1237 1485 1374 1567 potiatur

268 1591 320 1670 28,
354 1590 423 1672 88,
462 1595 546 1656 bonu
568 1595 726 1673 potiturus
749 1603 810 1676 est,
834 1594 864 1676 1,
894 1594 986 1679 202,
1025 1594 1105 1656 aliua
1133 1611 1214 1675 opes
1242 1595 1371 1675 cupieos

270 1723 350 1770 cuae
371 1706 474 1789 persto
498 1704 548 1786 19,
570 1705 640 1788 11.,
664 1704 795 1770 divitiae
817 1706 912 1768 modo
935 1704 1020 1768 lraod
1039 1707 1252 1768 conveniente
1280 1705 1375 1768 aditi·

267 1814 325 1880 bet
343 1815 398 1897 21,
422 1815 705 1895 269.;.opuleutas
728 1815 897 1892 pecuniam
920 1815 1051 1874 mirltom
1070 1821 1186 1891 erogat
1207 1813 1260 1893 28,
1288 1811 1377 1892 166,

269 1934 350 2002 opos
372 1921 523 2000 dilapidat
543 1919 572 1994 5,
597 1919 648 1986 89.
692 1919 744 2000 20,
767 1919 836 1998 21,
865 1935 949 1996 opes
968 1915 1069 1996 perdit
1091 1935 1172 1994 quaa
1193 1918 1315 1978 invenit
1343 1921 1378 2002 7,

195 2067 197 2076 ,
269 2003 338 2104 1‘0.;
372 2044 451 2106 opes
469 2044 548 2088 suos
570 2043 632 2088 uon
654 2027 734 2088 beoe
755 2023 982 2086 administrans
1011 2020 1063 2100 26,
1096 2020 1167 2100 75,
1205 2039 1285 2084 suos
1317 2035 1382 2090 aut

268 2129 349 2194 alias
372 2147 454 2212 opes
474 2127 579 2211 perdit
601 2130 652 2200 23,
679 2128 765 2206 165,
786 2126 929 2208 perditor
950 2125 1113 2208 opulentiis
1129 2127 1288 2206 nausti),
1304 2127 1375 2210 72,

268 2235 457 2318 dilapidator
477 2233 658 2310 fortunatus
679 2235 711 2318 5,
728 2231 818 2314 176,
832 2219 1017 2314 'percontor
1034 2230 1085 2307 18,
1102 2230 1176 2315 44,
1198 2252 1278 2315 opes
1293 2235 1376 2298 vitio

266 2345 430 2430 perdidisti
474 2345 533 2421 27,
564 2343 635 2423 96,
684 2345 809 2408 lucrum
845 2325 1035 2406 desiderans
1077 2361 1171 2424 opum
1209 2360 1373 2408 summum

267 2457 383 2522 emittit
419 2454 469 2529 28,
490 2453 582 2530 52.,·
600 2450 722 2532 majore
753 2471 850 2534 opum
882 2459 974 2533 parte
1001 2451 1154 2532 reliquam
1176 2471 1374 2516 conservare

193 2563 198 2570 ’
265 2560 373 2624 studet
393 2561 511 2642 212,
533 2571 723 2642 paupertate
744 2578 880 2642 pressas
905 2577 985 2640 opes
1004 2537 1173 2640 acquirere
1195 2561 1307 2624 studet
1317 2561 1371 2636 24,

267 2668 359 2750 102,
380 2667 422 2732 ad
442 2689 601 2736 summam
622 2679 845 2754 paupertatem
866 2667 1019 2730 redactus
1038 2667 1121 2732 ultra
1143 2668 1269 2738 modum
1283 2671 1375 2752 petiit

272 2781 302 2861 t,
331 2776 405 2844 369.

348 2887 385 2960 b)
408 2888 465 2950 Dc
487 2887 655 2964 honore,
677 2883 842 2969 glorie,
864 2883 1072 2964 dignitate
1093 2891 1129 2945 et
1153 2893 1373 2948 contemtu.

272 2996 309 3058 lo
330 2994 450 3058 honore
470 3012 543 3056 cum
567 2994 670 3057 liabeo
692 2995 744 3069 27,
763 2992 849 3073 44,
883 2993 1004 3056 honore
1025 3001 1062 3054 te
1078 2993 1201 3078 adlicit,
1226 2993 1312 3077 quod
1334 3001 1373 3058 tu

271 3104 305 3170 ci
323 3103 528 3168 necessarius
550 3117 602 3185 es,
622 3123 686 3167 aon
707 3103 791 3204 epod
814 3111 848 3165 te
867 3111 956 3166 amat
983 3103 1035 3182 24,
1063 3101 1153 3182 337,
1188 3105 1221 3165 1ιι
1252 3105 1373 3166 honore
1395 3117 1404 3124 ’

264 3229 341 3274 eoru
362 3227 426 3272 uuo
446 3209 549 3272 habeo
571 3210 625 3294 27,
645 3209 714 3292 45,
738 3211 798 3274 tibi·
814 3211 898 3274 lruno
918 3211 1071 3274 horrorem
1092 3212 1205 3294 paravi
1217 3209 1268 3284 23,
1285 3207 1373 3295 173,

267 3315 311 3380 de
330 3315 434 3398 gloria
453 3335 538 3382 uuus
559 3337 628 3383 eum
651 3320 752 3382 altero
775 3319 911 3385 certavit
945 3319 994 3398 12,
1027 3316 1100 3401 33,
1133 3319 1175 3382 od
1206 3327 1373 3382 certamen

264 3423 305 3488 de
326 3427 515 3492 excellentia
536 3446 734 3513 provocans,
760 3429 813 3511 qui
829 3418 984 3514 'indiguus
1007 3427 1130 3503 113124,
1164 3427 1250 3508 125,
1290 3444 1374 3490 oon-

266 3541 402 3600 tanton
425 3537 568 3620 dignitati
589 3538 731 3618 praefert
764 3537 814 3618 18,
836 3535 907 3616 73,
933 3556 1013 3600 1οιιιιι
1042 3555 1107 3600 noo
1127 3553 1206 3600 curo
1228 3536 1282 3618 24,
1304 3534 1373 3618 88,

264 3641 404 3725 despicio
426 3644 585 3706 hominem
607 3645 775 3726 maguisc
795 3644 967 3708 facientem
988 3647 1021 3725 3,
1047 3645 1115 3725 28,
1150 3646 1242 3728 parvi
1275 3647 1374 3708 habet
1475 3681 1478 3688 »

190 3835 192 3854 ⁵
263 3771 331 3816 ram
366 3751 406 3814 ob
436 3750 704 3815 oonauetutinem
736 3749 788 3832 18,
824 3749 895 3830 83,
932 3749 1126 3814 desiderium
1148 3753 1296 3837 hominis,
1319 3753 1374 3838 qul

263 3859 341 3923 loeo
372 3860 478 3943 palam
511 3860 687 3938 detestati,
726 3859 790 3924 aed
827 3858 953 3922 occulte
989 3857 1135 3922 honorati
1168 3879 1245 3924 esee
1285 3861 1374 3945 cupit

262 3965 468 4158 281565.οο
493 4075 750 4158 calamitate,
773 4075 1024 4160 infortunio,
1054 4082 1179 4161 malo,
1199 4085 1269 4165 -vi,
1299 4099 1369 4165 pe-

265 4187 413 4262 riculo.
456 4185 634 4250 infortunio
653 4201 772 4268 magno
788 4186 996 4250 eumadflixit
1014 4187 1163 4272 10,164.,
1186 4189 1374 4254 ιιιιίιιιιιὶιοιο
