3022 4940
757 397 985 464 -170-

320 603 394 652 oum
415 588 455 652 iis
474 585 574 650 nobis
587 582 770 680 vivendum*
785 592 836 648 est
861 583 888 662 1,
913 583 985 652 282.
1029 583 1094 665 Qui
1114 586 1199 649 iiiior
1229 606 1269 651 so
1291 588 1416 656 dissen-

318 696 412 780 tiunt,
433 703 583 779 tanquam
605 693 686 757 sooii
706 691 919 775 ooojongondi
941 711 1004 756 non
1025 703 1102 756 sunt
1123 694 1175 772 23,
1197 693 1269 761 539.
1292 699 1341 760 Ne
1355 719 1415 764 so-

317 804 402 868 oium
426 822 445 866 e
465 803 574 887 pravis
597 801 781 884 perentibus
803 810 906 865 ortum
927 802 984 865 tibi
1005 803 1111 885 eligas
1133 803 1185 886 23,
1208 803 1289 882 331,
1311 827 1412 890 nequo

316 925 389 974 oum
410 910 449 973 iis
470 905 658 973 societatem
679 908 779 984 ineos,
804 907 859 990 qui
879 908 935 970 tibi
956 908 1127 974 dissimiles
1148 921 1223 975 sunt
1254 911 1306 996 23,
1326 915 1414 1001 483,

314 1035 388 1082 nom
410 1039 430 1080 e
450 1017 550 1082 sooiis
571 1017 622 1080 vir
643 999 800 1099 cognosci
822 1025 930 1099 potest
950 1017 1005 1100 28,
1029 1016 1097 1086 159.
1127 1019 1215 1083 Inter
1237 1021 1413 1088 sooiosoa-

313 1141 397 1187 vens
417 1124 472 1204 23,
494 1123 557 1190 324
587 1130 621 1186 et
644 1121 723 1186 sooii
744 1123 838 1204 previ
859 1140 988 1206 sempor
1009 1125 1097 1188 noxii
1117 1135 1195 1188 sunt
1212 1126 1262 1205 24,
1273 1126 1321 1194 26.
1345 1131 1413 1196 So-

314 1234 399 1295 oium
412 1238 596 1297 contentum
618 1229 758 1296 reddas!
781 1229 912 1307 21178.
932 1231 988 1294 Ne
1009 1240 1043 1295 to
1064 1231 1174 1296 durum
1188 1252 1287 1317 geres
1301 1248 1413 1306 eontra

313 1357 395 1412 eum,
409 1321 513 1417 ¹cujus
534 1340 676 1401 sooieios
697 1357 718 1401 e
739 1346 772 1400 te
792 1338 870 1402 inite
891 1339 955 1406 esti
979 1341 1009 1422 1,
1030 1338 1102 1406 350.
1147 1342 1209 1422 Qui
1232 1363 1324 1426 opem
1348 1367 1414 1419 non

245 1479 254 1488 -
310 1451 374 1514 fert
394 1449 506 1534 sociis,
527 1448 686 1531 vituperio
697 1446 814 1530 dignus
835 1455 886 1510 est
909 1443 942 1528 6,
966 1443 1036 1512 126.
1081 1445 1144 1525 Qui
1166 1446 1223 1510 tibi
1238 1447 1411 1530 mogisno·

310 1565 373 1636 oet,
399 1577 493 1642 quam
515 1556 657 1640 prodest,
680 1553 908 1636 relinquendus
930 1560 982 1616 est
1004 1551 1055 1635 25,
1078 1551 1130 1619 80.
1159 1590 1161 1598 1

391 1663 528 1728 Vioinus
550 1664 604 1746 qui
625 1662 677 1739 sit,
698 1669 869 1743 antequem
891 1659 1018 1724 domum
1041 1659 1131 1738 emis,
1153 1660 1229 1724 vide
1249 1660 1283 1744 5,
1304 1661 1345 1744 88
1376 1675 1410 1731 et

307 1769 435 1834 domum
457 1769 586 1834 custodi
607 1769 648 1831 eb
671 1789 720 1843 eo,
744 1769 800 1851 qui
821 1776 928 1829 tecum
950 1765 1088 1832 habitat!
1119 1763 1153 1850 6,
1177 1767 1247 1836 114
1269 1771 1408 1839 Pulchra

306 1899 387 1963 erga
409 1880 535 1942 vioinos
555 1875 674 1960 egendi
694 1877 774 1938 ratio
795 1871 942 1937 laudetur
963 1874 1015 1955 23,
1038 1873 1109 1941 439.
1152 1877 1246 1941 Dono
1269 1879 1327 1944 des
1352 1882 1409 1944 vi.

303 1989 375 2050 eino
406 1993 462 2049 tuo
491 1987 668 2068 propinquo
703 1982 757 2064 27,
779 1979 830 2048 97.
870 1989 900 2044 ot
922 1981 1100 2062 proximum
1129 1984 1270 2048 vioinum
1289 1999 1409 2052 eosto-

302 2085 393 2157 diosi
425 2093 462 2169 5,
485 2091 535 2160 99.
579 2091 633 2154 Ne
654 2088 754 2153 vioiioi
775 2095 898 2171 estote;
925 2087 985 2152 sod
1006 2090 1173 2155 visitatum
1193 2110 1255 2156 vos
1276 2091 1408 2162 venite!

298 2199 422 2280 3‚163.
522 2273 528 2293 ⁸

382 2328 540 2394 Ciieniom
563 2326 726 2391 custodire
747 2323 960 2389 debemuset
980 2327 1089 2427 sinos
1104 2325 1230 2409 adfligit
1249 2325 1407 2413 24,339.;

296 2436 444 2522 frustrori
465 2423 535 2520 eos}
557 2435 662 2518 quiin
684 2435 832 2508 clientela
852 2444 964 2497 nostra
994 2442 1079 2508 sunt,
1111 2433 1186 2498 dum
1216 2436 1288 2499 aliis
1318 2437 1406 2506 dono

295 2544 421 2628 demus,
443 2543 688 2628 vituperondum
711 2553 762 2608 est
784 2544 814 2621 7,
838 2541 888 2610 33.

375 2669 508 2750 Hospes
528 2661 548 2733 ε’
569 2679 600 2733 te
623 2671 711 2734 leuto
734 2667 942 2751 excipiendus
963 2676 1025 2751 est,
1051 2671 1112 2731 etsi
1135 2670 1205 2752 ipso
1224 2669 1330 2753 inopie
1347 2671 1406 2735 la-

291 2774 386 2837 bores
406 2776 438 2861 2,
460 2777 524 2858 72,
547 2787 580 2840 tu
603 2786 710 2841 autem
732 2797 774 2839 ne
796 2776 850 2840 diu
874 2775 962 2859 opud
986 2775 1149 2858 hospitem
1170 2767 1404 2846 commonebis!

291 2881 344 2965 23,
369 2881 436 2947 193.

776 3155 887 3246 Ono.
918 3156 990 3246 ΙΙ.
1060 3177 1086 3308 Ι·

285 3374 345 3430 lie
362 3373 514 3447 agendi
526 3371 692 3454 ratione
718 3384 819 3442 erg·
829 3372 997 3442 nmloos,
1014 3371 1225 3442 immissu,
1237 3376 1406 3434 houm

285 3591 288 3600 ,
365 3541 501 3604 Amisos
524 3538 642 3604 multos
662 3539 719 3602 tibi
739 3558 818 3620 pore
840 3539 892 3622 22,
927 3521 1000 3624 195,
1045 3547 1220 3624 antequam
1248 3543 1306 3608 obi
1327 3563 1408 3608 ne-

283 3647 419 3710 oessnii
440 3655 517 3715 sunt
539 3645 573 3729 3,
598 3639 1073 3722 129‚namin⁴oanmnioous
1103 3648 1221 3716 fratres
1253 3652 1406 3718 deside·

281 3762 390 3818 rentur
412 3754 463 3829 27,
490 3755 559 3821 173.
602 3754 665 3818 Cui
686 3755 775 3818 mulii
797 3763 872 3818 sunt
892 3755 999 3839 omioi,
1019 3760 1047 3819 is
1077 3768 1193 3841 potens
1224 3737 1265 3822 et*
1280 3743 1407 3826 hono*-

280 3871 371 3927 rotus
392 3869 445 3924 est
466 3859 516 3939 24,
540 3859 603 3928 268
625 3870 658 3924 et
687 3877 768 3944 opes
788 3861 993 3944 potentiaque
1024 3865 1118 3928 amici
1146 3877 1251 3932 morte
1279 3867 1407 3935 demi-

277 3978 413 4034 nuuntur
436 3971 465 4053 1,
491 3968 543 4046 81,
584 3969 638 4032 Ex
666 3971 782 4044 amieo,
807 3988 869 4054 quo
897 3971 1005 4050 utitur,
1028 3974 1079 4037 vir
1103 3978 1311 4058 cognoscitur
1337 3980 1408 4062 24,

180 4061 190 4074 “
273 4069 337 4145 87.
369 4075 495 4162 Fugies
516 4083 601 4154 eum,
623 4077 716 4140 ouius
733 4077 875 4170 'amicitie
897 4077 1023 4142 sincera
1044 4090 1169 4146 nonest
1190 4081 1219 4164 7,
1233 4081 1300 4166 315
1323 4087 1406 4152 sed

273 4187 363 4252 steini
383 4187 522 4270 ingenuo
543 4183 693 4250 fiduciam
715 4183 798 4248 habe
825 4186 855 4269 1,
878 4187 948 4253 225.
971 4196 1002 4252 ει
1016 4190 1068 4271 qui
1084 4190 1139 4253 tibi
1150 4191 1291 4257 fraterno
1302 4197 1402 4258 ani·-

270 4315 323 4362 nno
344 4293 471 4360 deditus
492 4301 554 4378 est,
577 4293 606 4356 ei
628 4289 755 4372 deditus
779 4291 842 4358 sis!
867 4296 894 4371 1,
917 4293 988 4360 212.
1019 4297 1165 4391 Επειοτιιί
1185 4304 1304 4366 amoris
1325 4303 1401 4368 of-
