3082 4942
621 349 860 461 5¹²⁵*

190 533 245 598 ubi
264 533 372 598 semul
391 550 513 610 sumus,
534 532 605 597 oriri
624 541 733 616 potest
756 535 809 617 18,
831 535 904 615 39.;
925 536 1042 599 bellum
1063 537 1214 620 injustum
1236 549 1288 604 ost

189 641 220 719 6,
244 644 312 724 77.;
332 641 405 704 belli
421 641 506 724 ignis
526 641 660 707 multum
682 641 775 706 ardet
796 643 849 726 25,
872 640 941 724 90.;
963 643 1078 708 bellum
1100 646 1194 709 civile
1228 649 1287 711 tri·
1354 655 1358 662 '

189 755 297 818 stitiao
315 753 389 816 lons
411 759 463 816 eat
485 750 535 826 20,
559 751 652 872 128..

618 1133 728 1226 Oua.
747 1129 860 1226 Ι111.

359 1342 362 1348 .
454 1305 533 1360 lle
549 1301 715 1359 salone
734 1304 776 1357 et
793 1307 1000 1359 umene-

268 1413 345 1506 31.
387 1418 444 1483 De
467 1417 645 1480 actione.
687 1415 823 1478 Factum
853 1414 1011 1480 laudabile
1036 1435 1107 1482 oum
1142 1416 1289 1482 molestia

186 1527 393 1609 conjunctum
416 1514 468 1588 est
489 1526 520 1601 2,
543 1525 612 1589 lto.
619 1541 628 1603 3
651 1525 780 1607 negotia
801 1535 877 1588 sunt
898 1505 991 1590 vicos
1013 1528 1043 1602 7,
1069 1527 1156 1610 163.;
1177 1530 1287 1593 facto·

185 1655 257 1699 rum
278 1634 461 1698 testimonia
477 1632 618 1713 justiora
639 1640 714 1694 sunt
735 1649 830 1712 qnam
851 1633 992 1698 virorum
1015 1633 1064 1710 13,
1090 1636 1177 1712 176.;
1193 1638 1287 1701 laba-

185 1738 231 1802 ris
253 1739 392 1801 fructum
413 1754 514 1818 saepo
534 1755 597 1798 non
618 1736 809 1818 percipimus
834 1736 885 1818 10,
908 1735 997 1818 166.;
1022 1741 1198 1820 pertinacia
1219 1749 1286 1806 tum

184 1847 319 1932 prodest
346 1854 412 1908 tum
443 1853 539 1908 nocet
568 1841 626 1919 24,
650 1841 737 1925 316.;
770 1845 919 1926 migratio
940 1856 991 1908 ost
1012 1865 1125 1929 paena,
1149 1865 1232 1929 quae
1256 1850 1287 1910 iu

184 1955 367 2037 exemplum
388 1953 521 2015 sumitur
543 1949 596 2036 25,
621 1950 710 2032 1653
738 1954 800 2016 iter
819 1955 945 2037 maguis
968 1955 1125 2018 molestiis
1150 1956 1289 2037 conjun-

183 2075 271 2131 ctum
293 2074 344 2128 est
366 2063 426 2146 12,
446 2061 497 2128 88
504 2077 514 2141 3
544 2061 702 2142 inspectio
723 2063 833 2125 nuntio
854 2063 1066 2146 praeferenda
1086 2073 1138 2128 est
1157 2064 1187 2142 6,
1215 2065 1289 2132 203.

183 2173 236 2260 23,
258 2173 326 2256 46.;
344 2175 440 2253 yisus
461 2189 562 2253 saepe
573 2169 720 2234 disertior
744 2180 797 2233 est
817 2174 1035 2256 quamliugua
1058 2173 1286 2256 10,115.171.;

181 2284 265 2348 risus
287 2283 407 2345 multus
433 2280 662 2344 verecundiam
693 2282 774 2344 tollit
801 2281 861 2363 22,
892 2276 977 2360 3013
1009 2281 1113 2348 coitus
1144 2300 1286 2346 amorem

183 2389 356 2470 corrumpit
376 2388 428 2465 25,
450 2387 537 2469 167.;
560 2387 702 2451 venditio
724 2405 797 2451 cum
818 2392 954 2472 pecunia
975 2399 1089 2474 parata
1103 2390 1286 2465 meliorest,

186 2515 282 2580 quarn
302 2514 422 2579 magna
442 2514 568 2560 summa
590 2516 662 2560 oum
682 2495 830 2559 solvendi
849 2517 939 2562 mora
961 2497 1011 2576 14,
1041 2499 1123 2581 tat,
1145 2497 1287 2561 venditio

183 2605 279 2669 modo
300 2603 409 2688 magni
430 2603 525 2667 modo
548 2605 640 2686 parvi
659 2603 751 2684 pretii
773 2611 825 2666 ost
848 2607 876 2680 1,
899 2605 968 2686 43.;
989 2616 1144 2688 quaestus
1172 2607 1284 2686 pravi.

182 2727 235 2778 tas
256 2710 395 2794 impedit,
418 2711 599 2794 quominus,
621 2710 675 2793 qni
690 2711 804 2793 simus,
824 2712 1004 2793 aperiamus
1028 2711 1080 2794 12,
1092 2712 1157 2792 71,
1173 2714 1289 2776 electio

182 2821 266 2885 inter
287 2819 370 2883 duas
390 2837 455 2901 res,
479 2835 560 2902 qnae
580 2818 693 2882 ambas
716 2821 882 2903 cupimus,
903 2818 1044 2882 difficilis
1074 2829 1123 2884 eat
1144 2821 1194 2899 21,
1217 2820 1287 2902 455

181 2929 315 2994 victoria
337 2926 378 2993 de
399 2927 494 2991 debili
515 2933 678 3010 reportata
698 2926 779 3010 luga
799 2935 849 2991 est
874 2925 923 3004 17,
945 2929 994 2994 18.
1001 2946 1012 3009 3
1032 2925 1188 3008 injustitia
1208 2949 1286 3012 pro-

181 3039 368 3122 pinquorann
398 3036 504 3121 magis
536 3035 650 3117 laedit,
688 3052 785 3119 quam
804 3035 901 3118 gladii
922 3013 1005 3100 ictus
1028 3037 1081 3118 17,
1103 3037 1174 3119 35,
1197 3039 1281 3102 male

181 3145 269 3207 ferre
288 3153 509 3226 paupertatem
529 3144 727 3208 nobilitatem
748 3142 890 3206 diminuit
912 3144 962 3225 12,
986 3141 1056 3223 325
1078 3142 1211 3226 pertidia
1239 3144 1282 3206 li-

182 3246 311 3310 brorum
330 3267 373 3308 ex
393 3249 575 3312 infirmitate
594 3249 725 3313 virtutis
744 3250 807 3314 viri
829 3249 926 3312 oritur
948 3247 999 3330 19,
1021 3249 1090 3331 73.;
1120 3269 1208 3313 error
1227 3269 1283 3314 re-

183 3351 230 3418 dit
251 3351 306 3437 19,
327 3353 379 3421 80.

267 3455 342 3549 §2
386 3462 443 3527 De
479 3479 673 3526 sermone.
715 3462 842 3544 Lingua
869 3469 924 3524 est
961 3479 1060 3526 serva
1090 3463 1196 3527 cordis
1228 3466 1282 3550 23,

180 3569 272 3662 571.;
292 3571 404 3655 lingua
424 3571 502 3634 vani
522 3571 663 3634 haesitat
684 3569 716 3634 iu
736 3590 773 3634 re
793 3577 967 3653 apparente
988 3571 1287 3660 te,572.;1iugaa0

170 3678 356 3744 difficultas
375 3679 522 3742 miserior
542 3685 607 3760 eat,
629 3696 724 3761 quam
745 3696 861 3744 monus
882 3677 1013 3762 ariditas
1028 3679 1078 3764 18,
1100 3683 1286 3765 21.;sormo

180 3805 252 3852 mas
273 3799 325 3852 eat
348 3800 382 3851 ot
400 3787 571 3870 responsio
591 3787 723 3870 semina,
752 3805 773 3848 e
794 3787 909 3869 quillus
929 3788 1018 3854 letus
1047 3791 1198 3874 gignatur
1217 3809 1282 3853 ne-

181 3913 278 3960 cesse
298 3907 349 3960 est
368 3900 419 3973 22,
448 3895 535 3978 1711,
556 3895 696 3960 sermoni
717 3897 914 3960 conveniens
935 3897 1027 3961 locus
1048 3908 1099 3963 est
1121 3900 1172 3975 23,
1194 3897 1287 3981 1623

180 4023 202 4067 e
221 4022 372 4068 sermone
394 4005 557 4070 calamitas
580 4004 675 4066 oritur
699 4004 816 4088 1,'35.;
832 4005 887 4086 qui
905 4026 926 4069 e
952 4024 1102 4070 sermone
1130 4008 1286 4091 volupta-

183 4119 250 4178 tem
271 4116 370 4198 capit,
391 4115 420 4178 is
440 4134 498 4197 per
518 4129 708 4197 responsum
730 4113 837 4176 infelix
857 4123 909 4178 est
930 4113 980 4194 26,
1003 4113 1092 4199 6143
1115 4119 1199 4182 omui
1212 4133 1287 4181 ver-

187 4215 229 4281 bo
246 4229 437 4303 responsum
457 4228 592 4286 nonest
614 4220 668 4298 at,
689 4220 782 4304 5513
805 4217 906 4288 verba
926 4225 1035 4292 verbis
1055 4222 1285 4309 repellare'res
