3082 4942
716 336 944 400 ...ffip..

286 519 441 608 originem
469 519 643 602 soruteris,
665 537 748 586 ‚nam
782 517 896 584 eodem
922 517 1018 583 modo
1046 535 1125 601 erga
1156 525 1189 580 te
1210 527 1311 601 agent
1330 519 1389 599 24,

286 626 359 695 407.
408 625 639 709 Repudiandus
667 636 718 690 est
744 629 791 704 is,
829 627 881 708 qui
908 626 1000 689 nobis
1028 643 1091 688 non
1114 624 1196 688 bene
1217 635 1314 690 notus
1334 637 1393 692 est

286 735 340 822 24,
372 733 441 804 145.
478 743 512 799 et
540 735 593 817 qui
620 741 655 797 te
682 755 745 797 non
772 736 854 818 vult,
885 751 958 796 eum
987 741 1022 796 tu
1050 752 1091 795 ne
1125 733 1208 796 velis
1240 733 1292 819 24,
1314 733 1395 800 524.

288 843 445 907 Homines
465 863 529 907 uon
549 843 786 906 eonsentientes
806 841 976 924 separandi
996 851 1072 906 sunt
1101 841 1139 919 7,
1166 839 1238 908 206.
1295 843 1397 908 Duos

289 950 379 1014 viros
400 949 461 1012 sibi
485 949 661 1040 contrarios
682 968 746 1013 nno
767 951 838 1012 loeo
859 969 900 1011 ne
918 948 1097 1032 conjunges
1126 947 1176 1026 23,
1198 947 1399 1032 365.‚,nam

291 1075 473 1122 consensus
496 1057 579 1120 inter
606 1053 751 1120 homines
779 1056 967 1120 utilissimus
997 1064 1047 1120 est
1075 1056 1128 1136 23,
1154 1056 1186 1122 8.
1234 1056 1403 1138 Relinque

291 1186 375 1244 oum,
405 1167 460 1248 qui
486 1165 616 1229 modum
644 1164 737 1227 inre
764 1164 891 1227 excedit
919 1165 968 1242 12,
989 1162 1062 1238 203
1086 1172 1120 1226 et
1137 1164 1208 1234 sine
1229 1183 1314 1244 eum,
1340 1167 1402 1247 qui

291 1274 324 1336 iu
359 1272 484 1358 agendo
512 1291 574 1336 suo
617 1278 739 1335 tantum
774 1271 941 1335 oomurodo
977 1272 1112 1350 inseruit
1148 1271 1187 1348 7,
1219 1268 1270 1335 62.
1322 1271 1397 1334 Viri

292 1382 394 1462 turpis
422 1389 455 1443 et
491 1380 582 1461 pravi
612 1378 875 1444 eonsuetudinom
904 1381 1014 1464 fugias
1046 1380 1077 1457 3,
1097 1378 1148 1446 57.
1191 1379 1223 1460 7,
1244 1377 1295 1447 66.
1338 1379 1394 1464 25,

294 1486 344 1558 16.
386 1487 437 1566 26,
462 1488 512 1557 te
556 1490 676 1554 Sooius
703 1508 824 1573 pravos
850 1507 978 1570 semper
997 1489 1089 1550 nobis
1115 1489 1231 1551 noxius
1262 1478 1314 1550 est
1338 1486 1398 1570 24,

292 1603 365 1688 26.;
401 1625 475 1669 nom
503 1608 556 1688 qui
584 1608 679 1689 iupus
710 1627 773 1671 non
806 1615 878 1689 est,
905 1625 977 1670 eum
1004 1605 1070 1687 lupi
1090 1611 1207 1669 vorant
1226 1603 1282 1686 24,
1301 1600 1400 1686 463,

293 1715 430 1778 solitudo
451 1715 546 1798 igitur
566 1717 677 1780 molior
701 1725 751 1781 est
772 1735 866 1798 quam
888 1716 998 1779 sooius
1018 1712 1139 1796 pravus
1151 1711 1203 1796 36,
1226 1710 1277 1776 33.
1299 1712 1401 1774 Nou-

295 1822 358 1886 uisi
393 1824 425 1886 iu
454 1822 551 1885 foetis
580 1824 689 1903 probis
721 1840 795 1884 oum
822 1823 1000 1884 hominibus
1033 1821 1224 1884 sociotatem
1254 1821 1342 1902 inite,
1368 1821 1401 1884 in

300 1931 523 2012 vituperandis
555 1949 617 1994 vos
643 1927 810 2012 separate!
834 1930 871 2008 7,
897 1930 948 1996 51.
990 1931 1031 1996 22
1039 1975 1049 2013 ,
1083 1932 1154 1998 127.
1198 1933 1402 2020 Societatem

299 2035 383 2120 ejus,
405 2037 457 2099 oui
478 2033 560 2098 fides
581 2055 642 2099 non
665 2045 726 2115 est,
753 2038 858 2120 fugias
879 2038 930 2115 24,
956 2038 1024 2106 133.
1051 2047 1084 2102 et
1104 2040 1220 2102 bonum
1242 2037 1314 2120 ejus
1336 2055 1404 2102 oa-

297 2161 395 2220 veas‚
426 2144 459 2204 in
493 2161 557 2224 qno
584 2141 708 2225 majora
736 2145 821 2208 mala
849 2153 924 2208 sunt
952 2145 990 2231 5,
1021 2145 1072 2212 58.
1119 2147 1173 2208 Ne
1204 2163 1279 2210 oum
1301 2148 1403 2210 stulto

297 2252 489 2316 societatem
509 2251 601 2315 ineas
623 2255 674 2334 10,
699 2254 795 2338 130.;
818 2252 968 2320 alienatio
996 2257 1036 2319 ab
1065 2257 1232 2340 ignorante
1261 2254 1402 2337 eonjun·

299 2362 366 2426 otio
386 2378 460 2425 oum
489 2361 647 2444 prudente
672 2369 734 2427 ,est
763 2361 815 2446 24,
845 2361 916 2428 527.
960 2363 1025 2443 Qui
1053 2367 1143 2448 genti
1169 2383 1208 2427 se
1229 2365 1417 2444 immiscet,

298 2469 373 2552 ejus
395 2490 500 2534 mores
523 2472 635 2536 imitari
660 2470 755 2558 debet
774 2471 829 2556 24,
852 2471 923 2540 296.
967 2473 1177 2538 Caeterorum
1205 2471 1322 2556 agendi
1346 2492 1407 2536 ra-

299 2590 418 2654 tionem
438 2587 592 2670 sequere!
613 2586 645 2669 3,
668 2584 716 2652 42.
760 2587 900 2649 Nimium
922 2605 1049 2669 quoquo
1070 2587 1101 2647 in
1130 2583 1292 2646 hominum
1318 2598 1406 2644 oon-

299 2696 470 2761 suetudine
491 2698 607 2775 evites,
632 2719 672 2761 ne
694 2716 815 2780 pravos
838 2697 947 2760 sooios
969 2695 1115 2775 aequitas
1138 2691 1192 2770 20,
1208 2689 1259 2756 50.
1281 2702 1404 2752 etraro

299 2803 416 2887 visita,
446 2814 483 2868 ut
515 2826 623 2870 amore
653 2827 786 2871 oreseas
817 2808 864 2883 11,
896 2807 943 2871 12.
966 2806 1050 2868 oonf.
1075 2805 1101 2878 1,
1125 2800 1196 2868 400.
1238 2798 1409 2864 Interdum

305 2913 465 2991 vitiorum,
484 2933 564 2995 quoe
585 2916 655 2977 aliis
677 2924 760 2992 sunt,
782 2915 935 2977 rationem
963 2933 1027 2975 non
1054 2913 1173 2976 habere
1194 2909 1346 2974 debemus
1374 2907 1409 2992 6,

301 3020 369 3088 112.
411 3023 519 3085 Parva
541 3021 620 3084 vitia
640 3021 670 3082 in
692 3021 761 3082 aliis
783 3020 894 3083 videre
916 3029 948 3082 et
976 3039 1092 3102 magna
1113 3020 1144 3081 in
1165 3037 1203 3080 se
1234 3018 1410 3102 negligere

300 3125 626 3212 vituperandumfiiest
659 3129 710 3209 22,
744 3127 811 3192 110.
860 3127 923 3206 Qui
953 3137 1060 3191 autem
1090 3128 1203 3189 vitium
1240 3127 1271 3188 in
1299 3111 1409 3190 al'tero

244 3300 250 3307 ,
299 3237 437 3316 quaerit,
465 3235 497 3297 id
528 3235 669 3299 inveniet
696 3236 756 3320 34,
784 3235 855 3302 575.
908 3237 963 3298 Ne
992 3236 1033 3299 de
1066 3236 1245 3300 hominibus
1285 3235 1408 3298 bonam

299 3360 428 3426 semper
450 3345 628 3428 opinionem
648 3344 781 3424 habeas,
803 3364 878 3410 nam
899 3345 1018 3410 falleris
1040 3343 1069 3423 6,
1099 3344 1167 3412 135.

749 3699 866 3801 Cep.
889 3704 920 3788 1
926 3701 976 3788 V.

463 3920 524 3974 lte
538 3915 717 3988 justitio,
736 3917 948 3988 aenimate
966 3920 1008 3973 et
1025 3915 1254 3988 tnsnstttta.

384 4088 503 4152 Justos
534 4093 599 4166 est,
631 4086 684 4167 qui
714 4086 775 4149 sibi
802 4084 997 4169 praestanda
1031 4094 1176 4168 praestat
1205 4086 1234 4164 1,
1265 4084 1337 4154 199.
1368 4097 1409 4152 et

300 4195 394 4260 alteri
413 4205 477 4260 tam
499 4196 670 4260 benefacta
692 4214 787 4277 quom
806 4195 977 4260 maieiaota
997 4195 1123 4278 aequati
1146 4197 1266 4260 ratione
1288 4205 1416 4276 pensat
