3082 4942
609 316 839 388 ·’-106.ε··ὺΙ

168 493 263 566 tuneo
284 499 507 582 promittuntur
534 495 586 576 26,
614 497 686 577 59,
720 499 880 579 promisse
907 515 971 560 non
999 496 1203 580 pernotantur
1233 499 1266 580 6,

169 609 260 687 123,
285 627 348 670 nou
370 607 475 668 omnia
495 606 661 685 ,promisse
683 606 850 686 implentur
874 603 928 690 94,
957 604 1046 685 446,
1067 624 1144 683 rent,
1170 624 1266 688 quum

167 715 329 798 promittit,
350 715 381 776 in
401 713 504 776 serius
532 722 659 793 tempus
686 712 794 776 differt
825 714 857 790 1,
882 711 954 780 239.
974 712 1060 790 etde
1093 733 1155 777 non
1184 715 1279 777 bene-

167 824 290 906 perficit
310 841 389 898 rern,
409 839 510 903 quam
529 823 726 903 promiserat
740 823 772 898 9,
798 823 864 904 331,
894 843 1011 887 vonum
1033 824 1187 905 promittit
1216 822 1267 900 15,

162 931 234 1012 21.,
258 931 416 1014 promisse
437 943 500 992 non
524 938 636 992 servet
657 931 687 1007 2,
712 929 781 996 197.
814 933 866 1014 99,
889 931 959 995 391.
996 929 1046 1009 28,
1071 929 1161 1011 136,
1182 936 1265 1008 con-'-

165 1049 273 1103 tentus
301 1046 351 1101 est
380 1038 455 1102 dure
484 1057 634 1131 pououm,
656 1041 685 1102 si
706 1041 873 1121 promissis
894 1049 982 1102 staro
1004 1060 1067 1102 non
1088 1047 1197 1122 potest
1211 1039 1264 1122 10,

162 1147 231 1229 ee,
252 1150 418 1230 promissio
439 1167 502 1210 non
523 1156 649 1211 stantes
673 1149 723 1232 99,
746 1145 816 1229 dd,
838 1149 970 1212 mutum
986 1149 1182 1231 promittens,
1204 1147 1265 1210 sed

162 1275 274 1334 rurum
295 1265 466 1338 praestans
486 1254 520 1338 6,
545 1254 613 1322 105.
620 1271 629 1335 3
650 1256 783 1319 multum
805 1258 1003 1337 promittens,
1026 1257 1086 1320 sed
1106 1258 1147 1320 nii
1169 1275 1267 1338 prue-

162 1373 254 1430 etuus
278 1367 325 1439 10,
353 1363 421 1429 120.
970 1354 974 1368 ‘

98 1475 111 1488 “
247 1479 283 1544 e)
319 1470 564 1553 narrando,
595 1471 709 1553 dolo,
742 1472 920 1551 perfidie
948 1481 1008 1536 etc.
1052 1473 1209 1554 Deceptio
1231 1472 1263 1555 9,

97 1661 100 1664 Ι
163 1581 193 1645 7.
236 1579 287 1654 93,
308 1579 399 1656 291,
427 1578 587 1640 blanditiis
619 1577 767 1658 decipere
796 1577 931 1638 studens
963 1581 991 1655 1,
1021 1579 1092 1644 105.
1134 1580 1194 1660 20,
1218 1581 1247 1643 7.

163 1683 312 1745 adulator
334 1682 493 1761 27,.1dt·.;
514 1683 623 1744 verbis
646 1682 786 1762 pulchris
807 1681 964 1763 decipitur
985 1684 1037 1760 21,
1059 1683 1151 1762 590,
1180 1687 1265 1747 melo

163 1811 236 1856 eum
258 1787 390 1874 suffigit,
413 1809 509 1874 quum
531 1791 648 1852 bonum
668 1799 814 1871 speraret
836 1790 889 1871 22,
913 1780 1265 1871 205s3spemeiioru1n

163 1901 277 1965 felleus
301 1901 332 1978 7,
355 1899 404 1966 73.
446 1896 498 1982 27,
522 1898 587 1978 25,
622 1898 749 1960 debitis·
764 1898 928 1960 robustum
956 1897 1105 1978 decipere
1134 1898 1264 1978 cupiens

162 2006 305 2092 6,100.,·
341 2009 372 2069 is
401 2007 453 2088 qui
479 2017 512 2068 te
541 2006 689 2087 decipere
717 2008 796 2088 vuit,
822 2005 987 2089 ,quomodo
1018 2007 1115 2068 atium
1137 2005 1265 2088 decepit

162 2117 216 2202 23,
237 2115 324 2196 143,
349 2115 511 2178 beneficiis
533 2137 606 2192 eum
630 2115 756 2195 decepit
778 2115 828 2191 21,
845 2113 916 2194 67.,
937 2109 1050 2176 dolose
1066 2133 1166 2198 egere
1182 2114 1263 2192 vult,

160 2221 236 2286 dum
257 2224 289 2285 ie
311 2223 450 2286 vinculis
472 2231 524 2284 est
546 2220 600 2302 24,
625 2218 715 2300 309,
745 2222 867 2284 lenitati
890 2228 966 2283 tuae
986 2221 1076 2284 fraus
1100 2222 1211 2285 subest
1234 2222 1262 2298 1,

159 2336 227 2415 34,
249 2335 348 2398 fidum
370 2353 406 2398 se
428 2335 577 2408 ostendit,
602 2353 697 2417 quum
720 2333 863 2414 perfidus
886 2330 1099 2416 11119433,
1121 2331 1265 2412 pertidus

160 2454 194 2506 et
215 2441 436 2505 fraudulentus
457 2439 490 2521 9,
511 2443 582 2520 43,
606 2442 738 2505 dolosus
760 2451 792 2504 et
805 2439 953 2523 vpertidus
975 2438 1005 2510 3,
1033 2438 1122 2518 125.;
1154 2438 1264 2521 hypo-

160 2552 254 2614 crisis
290 2551 341 2633 12,
376 2549 427 2618 45.
469 2552 521 2634 20,
555 2551 623 2618 113
667 2551 717 2626 94,
744 2551 833 2631 222,
874 2550 1029 2614 astutiam
1055 2546 1195 2631 adhibet,
1228 2553 1264 2610 rit

160 2657 230 2725 otiis
252 2660 467 2750 calamitatem
488 2661 603 2721 inferet
626 2662 654 2740 1,
682 2658 770 2738 313,
803 2658 939 2741 perdere
971 2676 1045 2719 eum
1076 2659 1158 2733 vult,
1188 2656 1262 2720 dum

160 2789 232 2832 eum
255 2787 292 2832 se
321 2769 442 2831 honore
473 2765 611 2830 adiicere
638 2767 677 2830 de
706 2785 745 2830 se
775 2767 880 2848 potent
910 2765 991 2829 feeit
1018 2763 1050 2846 9,
1078 2763 1128 2844 9.,
1163 2765 1274 2829 oiiem'

158 2894 225 2942 rem
247 2875 386 2941 ostendit
407 2878 502 2940 eiiam
525 2875 658 2940 intendit
679 2874 716 2953 2,
733 2871 779 2940 14.
1191 2874 1195 2882 ’

200 3001 204 3034 ³
241 2987 271 3061 s)
284 2989 344 3050 Del
359 2985 526 3062 duritie,
543 2985 751 3051 violentie
759 2985 1069 3071 ,uehementio,
1088 2986 1137 3048 vi.
1149 2985 1261 3048 'Modo

158 3097 392 3161 duriter'medo
412 3099 526 3160 leniter
546 3097 577 3158 in
600 3112 673 3160 enur
695 3097 765 3180 egit
780 3095 836 3172 28,
863 3095 949 3175 116,
971 3094 1088 3158 duriter
1109 3094 1262 3155 tremuit

159 3221 233 3265 curn
254 3205 310 3264 vei
331 3205 400 3264 sine
421 3205 531 3266 iubere
552 3205 631 3266 vicit
657 3201 789 3284 17,91.,
814 3202 946 3264 dornone
968 3210 1001 3262 te
1022 3201 1097 3264 volo
1120 3197 1173 3280 93,
1194 3197 1260 3278 19,

158 3307 368 3370 vehementer
391 3315 424 3368 et
446 3325 518 3369 cunr
541 3287 654 3370 duritie
675 3327 748 3369 eum
765 3308 916 3369 tractavit
929 3306 982 3387 18,
994 3306 1262 3384 ted.;.vtoteeree

94 3487 108 3503 s
158 3423 327 3493 tractetur,
350 3414 437 3477 etei
458 3432 512 3476 ros
533 3415 681 3494 eripietur
705 3412 756 3493 13,
777 3412 853 3494 501,
866 3413 1094 3476 ==vehementer
1115 3415 1197 3495 cepit
1228 3424 1262 3477 et

157 3522 425 3606 οω16111,92.,
471 3519 679 3583 vehementer
709 3519 799 3600 punit
829 3517 857 3592 1,
886 3516 954 3606 86,
974 3545 977 3550 ’
998 3530 1199 3586 mansuetum
1226 3527 1261 3586 et

156 3637 265 3700 mitem
287 3633 329 3703 od
350 3633 659 3714 imperminstigos
683 3629 710 3708 1,
723 3627 813 3708 361,
833 3636 1024 3702 ,recusantes
1043 3630 1080 3694 ri
1099 3641 1261 3716 coguntur

156 3743 283 3826 5,136.
478 3735 486 3758 “

240 3854 280 3938 g)
301 3854 359 3916 De
380 3850 688 3936 generositate,
710 3849 991 3932 iiberalitate,
1023 3850 1261 3912 beneficen-

157 3967 227 4040 tiu,
250 3952 552 4046 hospitolitete'
578 3969 618 4023 et
649 3964 850 4030 dreritie:
882 3966 917 4026 lu
946 3965 1055 4046 rebus,
1078 3971 1160 4046 quoe
1181 3966 1260 4046 egit,

157 4073 239 4136 eiius
261 4071 595 4136 commodi'rotienem
619 4071 715 4133 hebet
736 4072 787 4148 97,
815 4069 900 4149 tutte
926 4071 1149 4154 praeferimus
1175 4071 1258 4134 atros

159 4170 250 4238 nobis
272 4176 311 4258 1,
324 4157 399 4240 351ss
431 4175 492 4259 ’93,
515 4177 602 4253 101,
647 4193 825 4258 generosos
850 4183 919 4238 est·
934 4183 977 4237 et·
994 4169 1259 4238 vieinie'securi-

971 4281 1016 4340 74
