3082 4942
716 437 945 500 ..144-

259 619 354 690 “155.
397 618 461 702 Qui
482 638 550 684 rem
572 616 735 684 difficilem
754 615 912 700 perficere
933 614 1039 696 velet,
1062 631 1133 676 eam
1154 612 1312 696 suseipist
1335 609 1386 690 16,
1451 683 1455 692 Κ

280 730 312 797 4.
354 728 544 812 Oeeupatus
565 729 614 791 sis
635 727 743 808 rebus,
764 745 848 811 quae
869 732 902 787 te
924 722 1041 786 decent
1060 719 1092 802 3,
1114 719 1165 787 84.
1208 720 1292 784 Rem
1321 739 1387 803 pe·

277 846 348 904 tere
366 847 470 922 potes,
495 836 558 902 etsi
581 837 734 899 incertum
757 841 821 915 est,
843 852 918 897 num
938 851 1011 896 eam
1033 827 1179 895 obtineas
1200 830 1234 914 7,
1256 822 1308 898 49.

365 944 565 1009 Necessitati
587 963 686 1028 quum
706 941 918 1007 obediendum
940 943 997 1023 sit,
1019 943 1134 1025 quippe
1150 961 1234 1026 quae
1255 957 1391 1005 noseo-

281 1064 360 1140 get,
391 1065 427 1119 ut
456 1073 582 1117 omnem
610 1073 689 1133 rem,
721 1070 786 1136 qua
806 1053 900 1135 potiri
928 1053 1104 1134 possimus,
1126 1050 1312 1133 arripiamus
1334 1051 1391 1128 22,

282 1162 353 1244 32,
381 1181 434 1225 res
463 1161 670 1224 necessarias
697 1178 884 1242 comparare
912 1158 1067 1222 debemus
1095 1159 1153 1232 22,
1180 1158 1268 1239 147.,
1293 1159 1395 1241 eique

285 1280 359 1336 ante
387 1275 491 1335 omnia
521 1289 650 1355 operam
679 1271 756 1336 dare
785 1271 836 1348 19,
859 1270 889 1337 5.
913 1269 961 1336 18.
1004 1273 1042 1333 ln
1069 1271 1166 1334 rebus
1195 1269 1394 1333 necessariis

283 1380 471 1462 voluptates
504 1387 577 1441 sunt
600 1376 652 1461 23,
674 1375 746 1445 586.
779 1385 823 1440 'et
851 1397 919 1442 rem
953 1376 1193 1460 necessariam,
1221 1377 1284 1439 etsi
1319 1376 1394 1440 eius

283 1479 421 1547 conditio
444 1483 529 1546 bona
550 1503 613 1546 nen
634 1467 687 1567 sit,
719 1481 896 1566 possidere,
917 1482 1031 1546 melius
1052 1491 1104 1545 est
1126 1502 1220 1565 quam
1228 1501 1268 1545 ea
1279 1501 1397 1546 carere
1454 1492 1463 1497 ’

263 1589 266 1596 '
287 1591 337 1664 11,
360 1589 392 1669 9,
434 1591 517 1655 Rem
540 1591 757 1655 neeessariam
776 1610 882 1674 neque
912 1589 1040 1654 differre
1069 1591 1097 1664 1,
1120 1588 1171 1657 88.
1203 1610 1307 1672 neque
1334 1610 1396 1653 re-

293 1698 435 1782 linquere
461 1696 562 1762 debes
594 1697 644 1774 28,
680 1698 729 1764 23.
784 1697 848 1777 Qui
869 1718 937 1761 rem
966 1697 1027 1760 sibi
1058 1695 1145 1760 haud
1175 1695 1397 1764 neeessariam

286 1805 425 1888 peragit,
445 1804 677 1886 vituperandus
701 1812 753 1867 est
774 1801 807 1881 6,
830 1802 880 1868 34.
923 1802 979 1883 22,
1002 1800 1071 1868 138.
1149 1785 1152 1794 V

368 1912 432 1992 Qui
452 1931 520 1974 rem
543 1912 653 1973 utilem
674 1911 756 1992 fugit
778 1909 829 1990 28,
851 1910 901 1974 23.
932 1918 989 1973 aut
1008 1910 1150 1972 inutilem
1171 1908 1307 1993 peragit,
1336 1909 1397 1971 vi-

287 2020 410 2101 tuperio
435 2019 552 2101 dignus
572 2027 623 2080 est
643 2013 675 2094 3,
695 2015 745 2082 30.
787 2014 819 2096 4,
841 2017 891 2080 21.
932 2014 983 2094 23,
1006 2015 1078 2083 307.
1129 2015 1169 2084 24
1177 2061 1187 2100 ,
1217 2015 1287 2082 225.
1321 2015 1394 2083 307.

289 2125 361 2193 566.
404 2127 463 2206 28,
490 2125 559 2205 96,
588 2146 654 2189 rem
684 2135 791 2189 eutem
820 2127 961 2190 inutilem
993 2126 1135 2208 abjicere
1154 2125 1319 2208 prudentis
1340 2135 1397 2189 est
1491 2181 1495 2186 .

293 2235 322 2318 1,
344 2231 417 2302 434.
460 2233 527 2297 Sed
547 2253 600 2297 res
621 2237 677 2298 tibi
700 2237 785 2298 utilis
804 2236 911 2319 potius
937 2234 1142 2319 relinquenda
1162 2245 1227 2318 est,
1249 2254 1343 2319 quam
1358 2242 1398 2298 ut

290 2362 363 2408 cum
384 2343 503 2406 vilibus
525 2349 632 2405 certes
655 2341 686 2427 7,
711 2343 779 2408 151.
1263 2327 1265 2334 ’

372 2453 442 2515 lies
463 2449 630 2534 graviores
652 2450 791 2513 caeteris
812 2451 938 2532 praefer
969 2450 999 2531 2,
1022 2450 1093 2532 52,
1125 2451 1250 2515 nonnisi
1276 2449 1397 2514 stultus

289 2580 325 2622 re
354 2560 445 2639 parvi
474 2559 567 2641 pretii
594 2557 749 2640 decipitur
781 2558 810 2636 1,
842 2556 913 2624 450.
963 2559 1159 2634 Necessitas
1188 2558 1315 2640 quidem
1335 2577 1398 2622 nos

289 2671 389 2752 cogit,
424 2679 459 2733 ut
487 2689 541 2734 res
578 2671 779 2754 periculosas
808 2670 1035 2754 aggrediemur
1056 2670 1094 2748 3,
1125 2668 1210 2756 139,
1244 2668 1304 2732 sed
1333 2669 1397 2732 eli-

290 2777 417 2862 gendae
449 2788 525 2842 sunt
552 2799 606 2842 res
633 2780 718 2844 haud
746 2781 944 2862 periculosae
972 2779 1010 2857 8,
1043 2781 1095 2846 82.
1103 2797 1113 2859 3
1141 2798 1214 2842 nam
1243 2777 1299 2862 qui
1327 2798 1397 2842 rem

289 2887 504 2971 periculosam
527 2896 583 2949 aut
603 2886 731 2949 noxiam
761 2887 912 2969 suscipit,
932 2905 953 2950 a
981 2907 1066 2949 noxa
1093 2906 1229 2950 securus
1250 2906 1322 2949 ¹non
1343 2896 1397 2951 est

288 2991 318 3074 6,
342 2993 414 3060 248
458 2991 506 3057 24.
528 2990 598 3056 476.
642 2993 696 3053 Ne
725 2993 942 3076 obliviscaris,
970 3014 1047 3070 rem,
1068 3014 1152 3076 quae
1184 3014 1247 3057 non
1275 2981 1397 3056 existet

288 3112 344 3167 aut
365 3096 568 3183 impossibilis
589 3097 642 3172 sit,
665 3097 777 3178 perfici
798 3117 970 3180 nonposse
990 3097 1021 3176 4,
1046 3103 1094 3164 12.
1136 3098 1186 3176 24,
1207 3098 1296 3182 538,
1318 3118 1398 3163 nam

290 3191 345 3292 ⁸qui
367 3226 484 3270 vanum
505 3204 595 3288 petit,
618 3204 703 3266 votis
726 3224 787 3267 non
807 3206 926 3288 potitur
948 3206 976 3283 1,
1004 3205 1070 3272 170.
1112 3205 1242 3270 Vanum
1256 3226 1319 3269 non
1340 3205 1399 3270 diu

288 3323 396 3380 manet
425 3315 477 3398 23,
502 3313 592 3395 185,
616 3332 701 3376 vano
725 3315 808 3380 euim
830 3315 1069 3382 fundamentum
1092 3335 1154 3380 non
1175 3325 1226 3379 est
1247 3317 1297 3389 23,
1321 3314 1396 3383 534.

287 3423 358 3487 Res
389 3442 493 3505 prava
523 3422 666 3486 curanda
696 3442 758 3486 non
788 3433 840 3486 est
868 3415 942 3488 b'oni
969 3426 1091 3487 ratione
1122 3425 1230 3486 habita
1259 3442 1334 3487 cum
1357 3443 1398 3489 es

286 3513 451 3609 eonjuiicti
472 3527 523 3608 25,
545 3527 596 3593 47.
639 3527 693 3590 Νο
715 3538 822 3592 autem
844 3530 915 3612 quis
944 3537 1033 3611 petat
1053 3549 1106 3593 res
1128 3529 1221 3592 nimis
1254 3513 1399 3592 remetas

289 3634 418 3714 1,463,
440 3637 635 3720 propinquas
657 3638 792 3718 primum
814 3648 916 3714 curet,
939 3647 1004 3700 tum
1026 3647 1167 3702 remotas
1189 3635 1286 3702 adeat
1307 3637 1341 3723 8,
1367 3641 1398 3704 6.

286 3745 356 3809 lies
387 3745 429 3807 ad
458 3745 563 3824 ipsum
592 3765 656 3808 non
683 3755 872 3826 spectantes
901 3747 1035 3828 quisque
1062 3765 1123 3809 suo
1151 3747 1223 3810 loeo
1253 3747 1337 3810 sinat
1367 3752 1385 3814 1

288 3853 358 3921 195.
403 3850 450 3929 15,
473 3850 524 3917 67.
573 3850 621 3933 16,
643 3851 673 3916 5.
694 3851 764 3933 39,
787 3871 870 3914 nam.
885 3869 949 3934 res,
973 3873 1053 3936 quae
1075 3873 1135 3920 nos
1156 3875 1218 3918 non
1231 3823 1401 3938 spectant:

286 3962 453 4044 negligere
474 3961 549 4024 boni
569 3959 828 4024 Mohammedani
850 3971 901 4025 est
924 3961 974 4039 24,
999 3961 1069 4028 366.
1094 3967 1177 4029 conf.
1205 3963 1236 4046 6,
1261 3965 1330 4042 72,
1363 3977 1401 4026 et

285 4078 415 4134 nostrae
436 4087 490 4132 res
512 4071 604 4134 nobis
626 4069 737 4152 majori
762 4088 860 4133 curae
882 4089 957 4134 esse
981 4070 1098 4137 debent
1118 4094 1213 4157 quam
1236 4073 1318 4136 alius
1342 4071 1397 4151 19,

206 4171 210 4178 ’
290 4179 337 4246 12.
369 4180 477 4243 Parva
510 4197 639 4261 quoque
664 4197 718 4242 res
748 4178 945 4262 negligenda
974 4199 1039 4242 non
1060 4190 1112 4244 est
1132 4181 1164 4264 3,
1188 4182 1257 4268 75,
1279 4199 1355 4244 nam
1378 4203 1402 4244 o

286 4311 322 4354 re
344 4310 446 4373 parva
466 4309 604 4374 magnae
626 4291 766 4356 oriuntur
787 4289 838 4366 24,
860 4289 931 4355 377.
952 4291 1022 4356 538.
1064 4291 1115 4366 28,
1138 4293 1190 4357 21.
1219 4301 1253 4355 et
1281 4309 1402 4373 parum
