3082 4942
587 357 815 420 „155-

151 548 207 624 22,
244 546 292 611 12.
325 553 358 606 11
386 545 416 606 iu
449 543 596 606 omnibns
624 541 706 604 locis
732 561 785 604 res
812 542 905 604 nobis
930 541 1075 622 ingratae
1103 548 1179 602 sunt
1218 535 1248 612 l,

153 653 222 720 219.
277 652 314 728 2,
336 649 386 716 30.
416 647 465 715 99.
508 647 548 731 6,
578 648 628 713 47.
679 648 808 710 Nullum
838 666 917 710 vero
940 653 993 708 est
1014 644 1142 720 malum,
1163 643 1249 723 quod

153 760 239 824 leniri
267 777 329 820 non
363 757 464 840 possit
497 756 553 831 23,
577 755 658 827 581.,
696 756 841 836 exceptis
873 753 1073 816 interioribus
1106 749 1160 831 24,
1183 746 1253 814 558.

155 871 226 934 Una
247 867 413 930 calamitas
434 864 536 960 levior
558 872 609 926 est
631 882 726 944 quum
749 863 832 926 dnae
853 861 904 939 26,
935 859 985 927 63.
1015 870 1048 923 11
1078 877 1175 921 unum
1206 856 1257 916 in-

160 975 332 1038 tortunium
354 975 454 1036 altero
476 970 580 1052 majus
602 969 655 1052 20,
679 969 751 1038 115.
786 970 969 1032 autleviua
993 977 1045 1031 est
1067 966 1097 1049 1,
1120 965 1167 1030 12.
1201 965 1257 1024 ln-

156 1085 294 1148 iortuuia
323 1087 386 1144 n'on
418 1101 483 1146 una
518 1081 603 1143 serie
634 1087 811 1162 sequuntur
840 1079 880 1160 2,
906 1077 974 1142 180.
1016 1082 1048 1138 et
1078 1072 1255 1136 vehemens

155 1197 321 1260 calamitas
348 1215 424 1258 mox
459 1203 577 1258 cessat.
626 1193 670 1256 Ut
692 1211 764 1256 cum
794 1192 933 1280 quolibet
954 1191 1038 1252 bono
1061 1188 1179 1249 malum
1203 1193 1255 1246 est

155 1281 208 1380 21,Ι
236 1301 325 1386 572,
353 1301 402 1364 sio
432 1301 464 1364 in
486 1300 669 1364 calamitate
690 1315 791 1378 saepe
813 1295 1013 1359 commodum
1036 1303 1089 1356 est
1114 1293 1161 1370 10,
1185 1290 1253 1357 128.

153 1408 223 1476 227.
268 1409 317 1486 11,
338 1407 389 1474 44.
433 1407 541 1488 Saepe
562 1404 714 1486 angustia
737 1403 777 1465 ad
799 1406 905 1465 locum
928 1403 1065 1484 amplum
1087 1409 1120 1463 et
1131 1399 1255 1482 fatiga·

154 1517 198 1578 tio
228 1514 270 1578 ad
291 1514 432 1595 quietem
461 1510 548 1572 ducit
578 1509 635 1590 10,
658 1508 731 1574 222.
779 1508 884 1571 Unum
916 1508 998 1569 enim
1019 1508 1135 1568 malum
1158 1520 1257 1587 saepe

154 1622 245 1704 plura
272 1619 389 1683 avertit
416 1616 569 1698 2,102.,
600 1625 634 1678 ut
662 1615 761 1676 febris
789 1613 961 1676 remedium
984 1622 1035 1675 est
1056 1612 1108 1693 25,
1144 1611 1195 1676 65.
1224 1619 1257 1672 et

155 1730 260 1791 fames
280 1743 381 1807 saepo
401 1722 548 1786 salutaris
573 1721 622 1805 10,
648 1722 716 1789 104.
758 1723 840 1785 Post
850 1721 1010 1802 jacturam
1019 1719 1188 1802 prudentia
1209 1728 1261 1782 est

157 1843 187 1920 2,
219 1840 290 1906 203.
339 1841 384 1904 Ut
404 1838 508 1901 omnis
529 1835 709 1900 adversitas
732 1844 764 1898 et
786 1837 939 1917 voluptas
961 1842 1072 1898 cessat
1104 1833 1155 1910 22,
1187 1832 1258 1898 247.

159 1960 257 2036 etex
278 1947 400 2012 laetitia
421 1948 563 2028 ploratus
585 1946 683 2008 oritur
706 1946 756 2027 10,
790 1945 856 2011 103.
900 1943 954 2027 24,
976 1941 1051 2024 490,
1081 1942 1130 2004 sio
1160 1942 1262 2004 omnis

158 2076 285 2120 moeror
305 2055 346 2119 ad
369 2052 519 2137 gaudium
541 2051 629 2116 ducit
649 2053 700 2128 22,
725 2052 795 2117 251.
842 2053 924 2116 Post
947 2051 1161 2114 calamitatem
1186 2050 1257 2112 laus

155 2164 350 2242 1112202.

238 2271 355 2334 Cautio
374 2272 461 2353 mali,
484 2271 568 2356 qnod
588 2277 631 2334 ex
651 2270 811 2334 desiderio
832 2271 906 2334 boni
928 2270 1026 2333 oritur
1048 2267 1157 2346 1,396.
1183 2285 1244 2330 con

156 2389 207 2442 tra
225 2379 439 2440 calamitatem
460 2379 569 2440 multis
589 2379 668 2440 locis
691 2387 724 2440 et
746 2377 875 2440 diverso
898 2376 991 2439 modo
1020 2373 1262 2438 commendatur

159 2482 290 2563 1,.129.
319 2479 389 2547 209.
420 2481 490 2548 303.
521 2483 593 2549 319.
622 2484 694 2549 382.
724 2482 795 2548 432.
848 2483 936 2560 2,8.
980 2481 1087 2566 3,83.
1111 2478 1181 2544 192.
1223 2478 1259 2564 5,

40 2594 43 2603 ’
161 2592 230 2656 120.
273 2587 305 2669 6,
329 2588 378 2653 12.
399 2589 449 2655 46.
471 2589 607 2656 78107.
651 2589 760 2666 7,50.
807 2590 866 2672 10,
891 2590 960 2656 167.
1010 2589 1068 2671 13,
1093 2589 1162 2654 108.
1207 2587 1260 2669 18,

161 2699 210 2764 11.
230 2697 282 2765 91.
322 2697 384 2780 21,
410 2696 479 2762 107.
521 2696 580 2778 23,
603 2696 672 2762 244.
694 2695 765 2762 296.
787 2695 858 2762 356.
889 2696 961 2762 366.
1011 2696 1071 2780 24,
1098 2696 1259 2765 149360.

158 2806 213 2868 Ne
233 2805 452 2868 adversarium
474 2805 608 2868 debilem
638 2805 799 2888 despicias
825 2804 882 2888 13,
912 2804 981 2872 169.
1010 2808 1260 2869 1111111111ιὶΝ

159 2914 276 2977 micum
297 2933 425 2996 semper
445 2921 576 2995 paratus
598 2915 645 2975 sis
667 2913 716 2990 24,
740 2913 812 2980 359.
856 2914 1000 2978 Salutem
1023 2933 1153 2998 quaere,
1165 2922 1261 2976 ante-

160 3041 255 3104 qnam
276 3024 357 3100 viro,
388 3025 441 3085 eni
462 3024 563 3105 impar
586 3041 637 3106 es,
659 3023 802 3086 occurris
824 3021 855 3106 1,
879 3020 946 3087 149.
990 3024 1074 3087 Para
1096 3031 1129 3084 te
1150 3031 1261 3084 eontra

118 3177 122 3184 .
159 3128 375 3191 calamitatem
397 3129 567 3190 instantem
587 3128 639 3212 21,
664 3129 723 3208 ta,
747 3121 1028 3211 antequam'irruit
1049 3128 1079 3200 8,
1104 3127 1152 3192 11.
1177 3127 1260 3190 Cui·
1350 3179 1353 3186 .

161 3230 237 3292 libet
265 3251 319 3294 res
346 3235 527 3314 inopinatae
559 3237 789 3316 superveniunt
820 3238 858 3298 22
866 3280 877 3318 ,
914 3236 1002 3317 108,
1025 3236 1084 3298 sed
1106 3235 1259 3299 evitanda

163 3344 239 3400 sunt
265 3338 426 3418 pericula,
463 3347 635 3422 antequam
667 3342 783 3404 adsunt
814 3347 850 3423 1,
873 3341 924 3407 49.
966 3344 997 3418 3,
1017 3343 1067 3407 73.
1111 3343 1165 3425 24,
1190 3343 1264 3412 179.

159 3445 230 3512 295.
272 3448 524 3511 Incolumitatem
553 3469 671 3531 quaere
701 3449 785 3511 conf.
820 3450 850 3530 1,
873 3448 943 3514 363.
988 3449 1039 3529 24,
1061 3450 1155 3534 294.;
1185 3469 1258 3514 nam

158 3553 359 3616 incolumitas
391 3554 511 3635 praeda
547 3564 599 3618 est
631 3556 686 3636 12,
719 3556 786 3622 173.
840 3553 1040 3638 Quocunque
1074 3556 1169 3620 modo
1200 3576 1260 3622 nos

157 3661 328 3726 defendere
350 3663 556 3747 ostenaet,
578 3661 737 3746 5611111
761 3665 813 3746 qui
835 3682 872 3727 se
895 3665 1000 3745 ipsum
1022 3685 1086 3728 non
1107 3666 1262 3749 custodit,

161 3770 200 3832 de
222 3791 262 3835 eo
298 3771 506 3836 custodiendo
539 3773 591 3838 alii
617 3772 744 3836 solliciti
775 3792 838 3835 non
860 3782 933 3836 sunt
961 3773 1012 3854 24,
1042 3773 1113 3842 608.
1156 3776 1210 3837 Ne
1231 3781 1263 3838 te

161 3875 316 3940 delendas
346 3889 421 3960 post
441 3898 509 3942 rem
537 3870 673 3942 linitam!
701 3880 761 3961 22,
785 3877 855 3945 266.
900 3880 1027 3943 Cantus
1047 3882 1093 3942 sis
1117 3882 1147 3942 in
1168 3880 1264 3963 malo,

162 3981 249 4062 quod
271 3984 365 4046 times
392 3984 759 4068 1,433.436.,11(]1111
790 3986 895 4067 majus
921 3988 1096 4068 pericnlum
1128 3987 1182 4051 tibi
1210 3987 1262 4048 in-

162 4095 239 4168 stat,
262 4109 300 4153 eo
321 4090 422 4172 major
443 4094 549 4154 cautio
570 4094 758 4157 necessaria
781 4105 832 4156 ost
848 4095 879 4178 2,
892 4093 943 4160 89.
974 4097 1112 4176 Semper
1126 4095 1262 4178 cogites,
1365 4113 1368 4118 ·

164 4193 279 4259 nullam
301 4217 369 4260 rem
392 4207 457 4261 tam
478 4201 592 4264 bonam
619 4221 706 4288 esse,
730 4204 760 4264 in
783 4203 877 4283 eujus
900 4205 1133 4286 propinquitate
1150 4206 1265 4266 1111111111
