3022 4940
429 331 432 336 ’
563 345 792 412 -aor-

133 535 165 598 111
190 533 404 618 grammatica
444 551 520 596 eum
556 552 620 594 non
655 535 789 598 multum
822 537 970 602 valuisse
1004 541 1132 628 dicunt3
1168 551 1228 614 eod

130 651 279 731 pulchros
306 668 426 712 versus
453 667 528 712 eum
553 652 788 732 composuisse.
840 654 939 717 Vitae
966 659 1088 738 probae
1121 666 1227 728 studio

132 763 272 828 deditum
298 783 371 827 eum
400 764 540 844 quotidie
560 784 721 828 nummum
738 785 869 829 aureum
883 771 1228 852 pauperibus-dedisse
1313 754 1344 787 '⁷

131 886 266 943 narrant.
317 881 414 944 Plura
454 882 580 961 scripta
615 881 724 944 edidit.
787 884 853 946 Alii
885 904 996 950 mense
1028 890 1228 984 Mcharrem,

131 995 182 1058 alii
206 1014 312 1060 mense
338 983 464 1078 Redjeb
502 997 574 1058 anni
604 997 674 1058 248
709 1006 870 1063 mortuum
902 1022 977 1066 eum
1001 1025 1079 1070 esse
1105 1008 1225 1077 dicunt.

131 1111 225 1196 Sunt,
252 1112 303 1192 qui
329 1131 411 1175 anno
436 1113 507 1176 250
530 1112 1086 1186 15125411125551115315115
1110 1128 1229 1194 obiisse

130 1228 331 1292 contendant.
359 1228 469 1292 coni.
497 1232 555 1293 Dc
581 1231 695 1314 Sacy
734 1233 899 1298 Anthol.
935 1257 1061 1322 gram.
1089 1261 1120 1324 p.
1147 1244 1226 1309 143.

129 1341 274 1409 neisk.
306 1345 445 1436 1151111.
472 1347 619 1410 Annal.
647 1349 684 1406 ’1.
710 1350 752 1432 11,
781 1350 863 1413 754.

199 1460 541 1524 Abu-l’Haitsam
566 1462 624 1541 (C.
653 1461 689 1546 3,
717 1463 774 1524 21.
806 1464 863 1550 lo,
894 1468 948 1532 19.
976 1476 1061 1557 515.)
1088 1477 1138 1540 De
1164 1477 1225 1541 555

128 1552 197 1636 vird
221 1575 264 1637 nil
288 1576 408 1638 inveni.
985 1633 987 1638 -

200 1686 492 1750 Abu-l'Hasan
531 1691 785 1754 Alach-fash.
839 1695 896 1774 (C.
928 1697 960 1781 1,
988 1699 1090 1786 324.)
1143 1709 1226 1772 'l'rea

127 1818 286 1882 personae
311 1810 396 1882 sunt,
423 1804 535 1884 quibus
562 1824 744 1889 cognomen
771 1805 903 1894 vid-§bt
930 1821 991 1876 est.
1019 1818 1142 1884 Aetate
1158 1825 1227 1904 pri-

127 1935 199 1980 mus
225 1935 341 1980 nomen
364 1917 667 1986 Abu-l'Chatbthab
692 1923 959 1998 Ahbd-Alhamid
995 1931 1024 1994 b.
1050 1933 1230 2004 Ahbd-Ai-

126 2030 244 2115 modjid
274 2053 397 2117 gerens
426 2044 461 2097 et
486 2038 596 2120 gentis
632 2040 782 2122 Hadjari.
799 2041 910 2128 511555,
938 2053 1170 2129 grammaticus
1195 2064 1228 2120 et

126 2148 378 2233 lexicographus
405 2129 487 2219 erat.
539 2154 717 2235 Discipuiis
745 2157 910 2241 gaudebat
929 2161 1226 2260 Abu-Obbaidabo,

124 2263 320 2328 Sibawaibio
362 2269 510 2351 aliisque.
569 2270 740 2340 Rationum
765 2293 885 2337 vocum
910 2277 1041 2364 linguae
1065 2286 1228 2354 Arabicae

125 2378 310 2460 cognitione
334 2381 473 2464 insignis
500 2392 579 2448 erat.
608 2385 680 2462 Quo
715 2408 797 2449 anno
824 2391 947 2477 obierit,
972 2395 1132 2478 ignorant.
1151 2367 1226 2465 ‘Se-

126 2491 250 2552 cundus
275 2489 506 2558 Abu-l’Hasan
532 2500 635 2561 Saihd
662 2503 693 2566 5.
719 2504 915 2593 Masahdah,
956 2511 1055 2575 cliens
1086 2515 1226 2583 familiae

127 2597 335 2688 Modjaschih
360 2609 391 2670 b.
418 2611 528 2674 Datim
542 2614 642 2693 (quae
660 2617 701 2680 ad
726 2624 989 2701 gentem'l'amim
1014 2633 1227 2726 pertinebat),

124 2724 358 2808 grammaticus
385 2725 470 2789 urbis
510 2728 612 2790 Balch
645 2729 777 2794 scholae
820 2734 985 2800 Bazrensi·
1008 2739 1156 2811 addictus
1193 2762 1228 2817 et

124 2837 302 2922 discipulus
329 2841 518 2905 Sibawaihii
545 2854 625 2909 erat.
677 2848 773 2909 Anno
801 2849 873 2912 215
901 2861 957 2914 aut
984 2856 1051 2921 221
1081 2872 1225 2931 mortuus

123 2964 188 3017 est.
237 2957 367 3021 'l'ertius
395 2958 532 3042 denique
558 2955 787 3029 Abu-i’Hasan
810 2967 898 3029 Ahliv
911 2969 941 3033 b.
969 2972 1225 3049 Solaimananno

106 3069 198 3134 ’315
233 3074 384 3140 11111316
425 3079 527 3144 vitam
554 3083 746 3164 exspiravit.
798 3085 941 3174 MediuS,
977 3092 1112 3157 scholae
1136 3101 1227 3163 Baz-

124 3187 232 3248 rensis
259 3191 495 3270 grammaticus
518 3198 749 3262 celeberrimus
784 3199 906 3281 (conf.
938 3204 1048 3272 Abuif.
1075 3211 1158 3276 Anu.
1186 3221 1224 3282 Τ.

123 3297 165 3358 11.
193 3317 225 3378 p.
256 3299 355 3380 149.)
381 3313 418 3364 111
436 3307 648 3372 in'Meidanii
674 3318 913 3378 commentariis
950 3320 998 3381 sic
1022 3324 1054 3385 in
1082 3333 1225 3400 omnibus

122 3415 218 3495 locis,
243 3415 275 3477 in
301 3415 416 3496 quibus
447 3420 583 3502 simplex
618 3444 797 3510 cognomen
833 3429 963 3516 iegitur,
997 3435 1224 3527 intelligendus

121 3539 186 3596 est.
237 3534 343 3597 Multa
371 3555 471 3617 opera
498 3539 689 3622 composuit.

153 3646 497 3721 '‘Abu-i'iiasan
524 3659 698 3724 Althusi
724 3663 782 3743 (C.
812 3665 970 3752 raba).
997 3668 1228 3747 Abu-l'Hasan

123 3765 203 3828 Ahli
227 3769 258 3829 5.
285 3770 500 3838 Ahbd-Allah
526 3771 683 3840 58111115
708 3778 1020 3877 'l'aimitaspaquib
1036 3798 1227 3877 cognomine

122 3883 268 3948 Althusi·
293 3899 402 3977 notus,
438 3893 578 3977 gentium
610 3904 643 3958 et
678 3898 858 3962 carminum
876 3908 1226 3982 praestantissimorum

123 4001 311 4084 cognitione
338 4007 444 4070 clarus
471 4019 551 4072 erat.
604 4011 836 4079 Grammaticis
870 4024 936 4080 tam
969 4021 1105 4086 scholae
1132 4029 1222 4092 Baz-

123 4117 232 4178 rensis
258 4135 350 4198 quam
377 4121 530 4185 Curensis
564 4113 907 4216 tanquam'magistris
934 4153 1015 4198 usus
1051 4149 1116 4227 est,
1151 4165 1222 4212 ma·
1304 4135 1310 4142 ’

122 4229 213 4290 xime
242 4234 347 4296 autem
379 4237 470 4298 1155-
487 4240 661 4305 Aiahrabio
697 4244 807 4324 (mort.
847 4247 960 4331 2311).
999 4253 1221 4323 11511-1115111111

991 4355 1051 4417 13*
