3082 4942
601 458 641 472 -
686 425 744 490 141
784 379 829 474 '-

162 613 242 698 egit,
264 614 295 676 in
317 614 388 692 ipso
411 610 536 690 damno,
560 611 648 695 quod
670 621 797 696 tempus
818 613 849 680 ei
871 612 986 692 intulit,
1002 613 1152 678 solatium
1167 595 1266 681 habet.

160 720 214 802 20,
236 717 286 786 37.
327 721 417 784 Bene
437 719 532 803 igitur
553 730 645 805 agat,
666 729 703 784 ut
726 721 864 784 fructum·
884 720 946 784 sibi
967 721 1051 785 ferat
1072 722 1127 806 28,
1149 723 1201 788 85.
1234 735 1267 789 et

160 826 344 909 paradisum
367 825 429 889 sibi
449 833 553 910 petat,
582 846 654 890 1111111
678 828 760 911 ignis
786 828 931 891 infernus
953 829 985 892 in
1013 847 1109 892 mauu
1130 837 1184 892 est
1212 831 1266 916 18,

161 933 233 999 277.
277 930 442 998 sedante
463 931 763 1019 aliosbenoagas,
794 954 867 998 nam
899 934 1061 1018 incipienti
1093 946 1268 1017 praestan-

162 1041 207 1104 tia
228 1049 296 1118 est,
331 1041 393 1104 etsi
414 1042 542 1106 imitans
563 1043 697 1125 pulchre
715 1044 785 1127 a‘git
805 1043 859 1125 20,
883 1040 953 1108 126.
995 1042 1267 1110 lllolramrnedano

162 1157 271 1216 autem
293 1149 450 1213 nonlicet
472 1151 505 1213 iu
532 1150 766 1216 incredulorum
788 1152 921 1236 regione
944 1150 1089 1216 habitare
1118 1152 1169 1232 23,
1194 1152 1266 1221 362.

591 1459 712 1550 Otr.
739 1461 842 1548 111.

544 1625 612 1678 ne
634 1619 870 1692 peccatis,

245 1739 356 1806 'l'imor
375 1740 439 1804 Dei
458 1759 480 1803 a
496 1739 595 1802 rebus
615 1738 735 1802 illicitis
757 1737 906 1801 honinem
927 1739 1042 1802 retinet
1061 1743 1094 1824 3,
1115 1739 1167 1806 85.
1187 1742 1269 1804 illa-

161 1848 312 1914 lei'actum
330 1846 494 1931 quodlibet
512 1847 640 1928 punitur
659 1843 692 1929 3,
714 1844 743 1909 7.
764 1845 815 1910 71.
839 1843 911 1914 142.
960 1844 1012 1923 22,
1042 1845 1090 1912 15.
1114 1846 1163 1914 18.
1214 1847 1265 1914 24.

161 1959 234 2027 231.
276 1959 327 2043 28,
353 1957 440 2042 173,
462 1975 536 2020 nam
557 1957 642 2019 omui
663 1955 753 2038 operi
773 1953 939 2017 retributio
964 1963 1014 2017 est
1035 1954 1090 2039 23,
1112 1953 1189 2022 565.
1211 1947 1270 2039 26,

159 2063 212 2133 59.
255 2065 319 2147 Qui
338 2083 393 2128 res
414 2081 535 2148 pravas
557 2062 701 2126 consulto
731 2060 927 2144 aggreditur,
956 2061 1192 2143 vituperatione
1214 2062 1266 2125 di-

159 2193 246 2259 gnus
275 2183 327 2237 est
360 2172 416 2256 10,
453 2170 504 2237 54.
527 2169 611 2234 coni.
633 2169 663 2247 1,
684 2166 754 2234 263.
797 2169 958 2231 Patientia
985 2179 1094 2233 autem
1116 2171 1148 2232 in
1169 2172 1267 2236 rebus

161 2283 279 2346 illicitis
303 2279 463 2344 evitandis
484 2280 609 2343 facilior
630 2287 682 2342 est
701 2297 798 2362 quam
819 2276 850 2340 in
871 2274 1002 2340 ferenda
1012 2296 1116 2360 poena
1132 2279 1195 2341 llei
1218 2278 1268 2357 14,

164 2390 235 2456 129.
278 2387 512 2451 Excusaudum
534 2387 663 2471 quidem
688 2394 740 2448 est
760 2393 930 2468 peccatum
954 2384 1068 2447 ubres
1091 2384 1133 2446 ad
1154 2383 1186 2446 id
1208 2405 1270 2448 ex·

161 2497 303 2560 citantes
325 2495 356 2574 2,
377 2493 428 2559 34.
433 2539 445 2578 ,
468 2504 501 2557 et
523 2495 627 2557 bonus
655 2494 724 2574 vir,
746 2494 800 2574 qui
820 2492 923 2555 semel
943 2493 1103 2575 peccavit,
1125 2509 1270 2555 excusa·

163 2604 282 2667 tionem
302 2609 445 2665 meretur
464 2598 497 2682 6,
518 2599 587 2681 55.;
616 2618 690 2662 nam
711 2599 851 2679 optimus
874 2599 1013 2682 quisque
1034 2618 1140 2663 errare
1159 2609 1270 2683 potest

170 2711 219 2795 to,
241 2711 291 2776 71.
321 2718 354 2772 et
371 2723 553 2792 generosus
569 2703 726 2770 interdum
746 2713 880 2791 peccat3
903 2705 963 2769 sed
977 2716 1147 2788 peccatum
1156 2709 1270 2772 iterum

163 2837 227 2881 non
249 2817 428 2882 committet
449 2815 501 2888 23,
523 2813 595 2882 287.
643 2814 859 2880 Nihilominus
893 2823 1000 2880 tamen
1021 2816 1092 2878 vitii
1120 2828 1269 2880 oontem-

163 2933 261 3018 platio
282 2933 393 2997 vitium
414 2938 466 2995 est
486 2929 517 3009 3,
538 2927 611 2998 169.
617 2973 629 3012 ,
652 2938 685 2993 et
705 2928 818 3012 pudor,
840 2948 903 3012 quo
926 2931 996 3014 quis
1015 2931 1143 2995 arelius
1154 2932 1271 2995 illicitis

163 3041 327 3125 retinetur,
349 3059 425 3125 pars
445 3039 611 3126 religionis
633 3050 685 3105 est
704 3039 736 3125 6,
761 3040 832 3108 113.
874 3042 943 3107 Sia
964 3043 1095 3106 crimino
1109 3043 1189 3105 liber
1219 3061 1270 3124 es,

162 3151 359 3235 propinquus
379 3160 451 3216 esto
473 3151 528 3234 22,
551 3152 638 3234 1523
658 3154 696 3216 si'
708 3154 829 3216 crimen
846 3154 1046 3238 commisisti,
1070 3153 1183 3236 procul
1203 3145 1269 3215 abii

165 3258 219 3338 22,
242 3258 311 3323 151.
707 3267 710 3272 “

600 3555 717 3648 Ono.
753 3555 840 3644 IV.
893 3499 897 3504 ι

267 3732 328 3785 ne
345 3724 607 3822 poenitentia
624 3728 667 3781 et
683 3723 866 3796 peccatis
883 3723 1153 3792 contuendis.

125 3837 128 3844 ⁴
248 3848 313 3930 Qui
344 3847 510 3932 peccarit,
541 3853 710 3930 peccatum
743 3843 933 3909 confiteatur
962 3853 995 3909 et
1026 3843 1067 3908 ad
1097 3847 1201 3910 ileum
1230 3862 1270 3908 se

165 3965 335 4022 convertat
355 3956 409 4042 25,
429 3947 760 4039 5811166616...
778 3961 858 4037 agat
878 3951 910 4036 8,
935 3951 1004 4020 126.
1028 3951 1099 4019 162.
1129 3953 1178 4031 13,
1201 3952 1271 4020 174.

165 4071 200 4126 et
218 4063 345 4143 peccati
364 4062 493 4126 veniam
515 4069 605 4144 petat
624 4059 677 4138 24,
699 4059 793 4144 255,
819 4079 895 4136 nam
923 4061 1117 4142 poenitentia
1141 4061 1269 4149 'crimen

166 4167 254 4232 delet
274 4171 326 4250 23,
346 4167 418 4238 632.
460 4169 507 4234 Se
527 4171 668 4250 corrigat
687 4167 795 4254 homo,
824 4162 1008 4252 priusquam
1036 4189 1156 4256 magna
1180 4170 1273 4236 cala·

171 4271 281 4338 nitate
300 4275 472 4358 adfligatur
492 4272 544 4358 20,
564 4273 633 4355 22,
656 4274 711 4356 qui
736 4274 780 4338 ad
803 4274 970 4362 pristinam
1000 4283 1147 4364 murata
1177 4273 1273 4354 redit,
