3126 4958
620 347 830 412 ...25-

176 542 314 618 quatuor
334 532 507 617 proverbia
527 518 687 616 produxit.
730 533 823 598 Aliae
843 527 967 598 indoles
982 534 1105 599 nonnisi
1125 534 1204 600 viris
1224 547 1282 602 aut

176 645 305 708 leminis
335 645 475 707 tributae
512 651 597 716 sunt,
636 644 720 706 aliae
751 643 830 706 uiris
866 643 1054 725 feminisque
1083 662 1280 709 communes.

173 751 314 815 Nonnisi
335 751 375 814 de
407 749 539 833 pulchre
566 752 753 814 canentibus
772 751 899 814 leminis
920 753 978 816 tria
999 754 1169 834 proverbia
1191 754 1282 818 adhi-

172 860 319 924 buerunt.
365 859 409 922 Ut
425 859 571 922 uirorum
605 860 771 941 sapientia,
802 859 956 945 fidelitas,
986 861 1090 939 libido,
1114 866 1279 941 scortatio,

175 969 309 1034 infausti
331 967 476 1044 conditio,
500 970 880 1052 potentie,.longaevites
905 979 938 1032 et
951 970 1179 1052 grandaevitas
1204 992 1283 1053 pro·
1332 1049 1337 1058 .

174 1079 358 1142 verbiorum
392 1096 491 1141 causa
519 1079 637 1160 evenit,
669 1079 719 1140 sic
734 1097 863 1160 qnoque
885 1079 1085 1143 feminarum.
1129 1081 1159 1142 A
1182 1081 1281 1143 femi-

173 1188 234 1262 nis,
258 1205 390 1269 quarum
417 1185 518 1267 major
545 1205 621 1268 pars
650 1195 725 1248 ante
755 1185 1014 1250 blobamrnedem
1044 1187 1204 1264 vixerunt,
1225 1188 1280 1270 vi-

175 1295 256 1378 ginti
277 1296 448 1377 proverbia
471 1293 619 1357 derivata
641 1302 726 1356 sunt.
767 1294 923 1356 Feminae
945 1301 1019 1374 post
1042 1293 1282 1358 Mohemmedis

174 1410 302 1482 tempus
329 1401 496 1480 viventes,
533 1416 617 1482 quae
649 1399 828 1483 proverbiis
857 1401 1009 1482 originem
1039 1399 1196 1465 dederunt
1227 1416 1284 1466 aut

122 1519 137 1532 “
176 1508 373 1586 cantatrices
396 1516 452 1570 ant
472 1525 593 1570 servae
618 1519 718 1585 erant,
743 1518 779 1570 ut
800 1518 887 1572 statu
909 1520 943 1572 et
967 1513 1054 1575 vitae
1075 1513 1199 1575 ratione
1219 1530 1281 1576 co·
1385 1529 1390 1540 ’

174 1623 269 1678 actae
292 1634 311 1677 e
332 1615 496 1676 domorum
517 1631 655 1674 secessu
678 1617 709 1676 in
731 1615 904 1700 publicum,
926 1618 957 1680 id
980 1620 1065 1699 quud
1078 1621 1281 1684 Mohamme-

176 1723 226 1786 dis
258 1722 332 1803 lege
361 1721 489 1782 feminis
520 1721 722 1784 interdictum
755 1732 853 1797 esset,
882 1707 1050 1806 prodiicnt
1097 1729 1143 1790 Ut
1169 1728 1283 1790 eadem

177 1835 316 1900 conditio
346 1834 378 1896 in
400 1834 499 1896 variis
520 1835 667 1915 personis
702 1835 879 1898 observata
908 1835 950 1898 ad
979 1837 1082 1919 pluria
1112 1841 1284 1921 proverbia

175 1942 366 2008 invenienda
394 1962 476 2006 ansa
507 1951 586 2018 erat,
616 1945 664 2006 sic
696 1945 736 2006 sb
758 1945 870 2007 eedem
892 1945 1011 2028 egendi
1039 1947 1162 2010 ratione
1182 1949 1282 2028 pluria

174 2051 359 2134 proverbia,
389 2067 473 2131 quoe
506 2059 562 2112 eut
583 2049 720 2114 eundern
753 2058 809 2114 aut
837 2053 933 2132 paulo
962 2051 1126 2114 diversum
1148 2070 1283 2117 sensum

174 2161 343 2242 praebent,
365 2155 512 2219 derivate
541 2167 626 2240 sunt,
657 2177 719 2240 que
749 2159 780 2220 in
802 2178 837 2219 re
862 2167 1000 2241 quantus
1021 2158 1064 2221 sit
1085 2159 1227 2224 Arabum
1251 2169 1284 2224 et

174 2266 356 2331 inveniendi
380 2277 413 2331 et
434 2267 543 2334 utendi
564 2267 723 2350 proverbii
746 2285 844 2342 amor,
869 2268 1043 2330 observare
1058 2267 1143 2330 lieet.
1186 2268 1282 2351 Quid,

175 2376 260 2458 quod
281 2377 322 2440 ab
354 2395 417 2440 una
438 2375 617 2459 eademque
646 2394 803 2459 persona,
844 2379 896 2438 eui
916 2377 1026 2440 varios
1048 2385 1103 2440 aut
1124 2389 1283 2462 cognatas

175 2487 299 2550 indoles
321 2487 558 2570 adscripserint,
579 2489 671 2569 plura
693 2489 861 2567 proverbia
883 2483 1128 2552 desumsenntt

190 2649 194 2654 .
260 2599 318 2662 Sic
340 2616 360 2659 a
380 2598 536 2678 belhimo,
559 2596 692 2659 Haritso
713 2595 743 2660 b.
757 2597 910 2681 Tlrsalim,
933 2597 1074 2676 Hatimo,
1101 2596 1285 2678 Hodjaina-

176 2706 231 2788 ho,
262 2701 420 2780 Kadlribo,
457 2706 560 2767 Kaiso
585 2705 614 2766 b.
642 2705 769 2781 Ahzim,
801 2707 921 2784 Kosso,
960 2709 1139 2787 Lokmanc,
1165 2711 1283 2808 Maria,

130 2854 137 2866 =
180 2813 446 2896 Omm-Djamila,
470 2812 690 2897 Omni-Kiria‚
716 2814 1116 2892 Scha111a¹)‚rhowaiso.
1307 2869 1312 2878 s

259 2918 294 3008 §.
338 2923 367 2983 4.
409 2923 587 2985 Bestiae.
633 2922 919 3003 a)quadrupedes.
962 2923 1286 2998 treamelusoe-

178 3050 220 3092 ne
245 3030 364 3092 ducens
392 3032 444 3106 at,
479 3031 549 3093 171.
572 3031 691 3112 audax,
723 3050 818 3112 quum
848 3032 976 3094 libidine
1008 3034 1161 3096 incensus
1182 3042 1233 3096 est
1252 3034 1285 3115 5,

183 3141 253 3207 154.
280 3144 454 3224 zelotypus
478 3141 529 3221 19,
560 3141 610 3206 55.
629 3141 711 3202 levis
741 3139 906 3221 prudentia
927 3141 956 3216 7,
984 3141 1052 3203 111.
1076 3139 1210 3202 mordax
1232 3148 1286 3202 aut

178 3250 301 3311 irruens
332 3250 383 3331 14,
409 3249 479 3315 102.
503 3250 646 3311 emerus
675 3246 853 3311 sitibundus
875 3231 1007 3310 muitum
1038 3248 1115 3310 nnn
1140 3246 1188 3324 13,
1215 3247 1286 3312 150.

181 3373 300 3436 aquarn
321 3375 341 3416 e
370 3364 466 3436 puteo
488 3355 639 3418 hauriens
662 3355 836 3437 despectus
866 3363 918 3417 est
937 3356 968 3431 9,
990 3355 1041 3417 48.
1063 3373 1204 3419 annosus
1225 3375 1288 3436 pa·
1346 3398 1351 3404 -

179 3473 263 3534 tiens
300 3471 331 3533 in
361 3468 516 3530 molestiis
543 3465 682 3530 ferendis
713 3475 765 3528 est
793 3467 844 3547 14,
863 3463 918 3545 873
953 3464 1076 3527 camela
1104 3483 1227 3526 annos-a
1256 3465 1288 3526 in

179 3581 297 3662 pullum
318 3596 480 3662 propensa
502 3585 554 3639 est
575 3577 607 3658 6,
628 3574 702 3638 201.
727 3575 851 3637 camela
872 3575 944 3658 pice
968 3575 1067 3638 oblita
1086 3575 1214 3660 ingrata
1237 3583 1288 3635 est

179 3688 306 3767 2154.
334 3689 432 3750 fusce
464 3687 571 3758 colore
599 3684 739 3748 infausta
770 3692 902 3768 putetur
933 3681 983 3759 13,
1008 3683 1077 3746 129.
1107 3692 1203 3746 noctu
1223 3703 1287 3748 nou

181 3818 316 3862 cernens
339 3799 471 3860 multum
494 3795 627 3859 offendit
647 3795 774 3878 75135.
798 3795 922 3858 Cameli
942 3795 1045 3877 pullus
1067 3793 1215 3877 stupidus
1238 3801 1289 3856 est

180 3908 210 3985 6,
238 3907 306 3970 180.
337 3907 440 3988 pullus
464 3923 533 3966 rnas
558 3905 596 3986 9,’
613 3903 666 3965 54.
698 3908 730 3964 et
752 3901 890 3963 nondum
920 3898 1099 3965 ablactatus
1114 3901 1158 3978 ril,
1181 3900 1231 3963 66.
1256 3907 1289 3962 et

182 4027 257 4100 potu
279 4017 416 4081 satiatus
447 4016 499 4094 24,
520 4011 594 4078 50³.
616 4011 698 4078 viles
720 4012 885 4076 habentur.
943 4011 1067 4076 Cameli
1088 4013 1195 4093 pullus
1216 4020 1290 4076 sto·

183 4186 447 4200 -ι-ι-νυ-Ιῑ

240 4297 269 4365 1)
287 4305 345 4352 lloo
364 4313 461 4352 nomen
481 4303 551 4352 duae
569 4301 696 4352 diversae
713 4309 847 4366 personae
866 4296 985 4362 gessisse
1003 4295 1141 4347 videntur.
