3022 4940
744 289 972 391 ζωθ-

385 514 659 600 tuln-bjinni.
695 512 760 577 llio
785 510 1015 597 grammaticus
1034 507 1162 587 celeber
1187 509 1418 580 Abu-l’llatulr

313 637 471 707 obenan
492 636 523 700 b.
558 630 760 698 blosulensis
812 627 845 690 in
891 626 1008 690 litteris
1043 627 1297 712 elegantioribus
1342 627 1423 710 mist

311 750 536 818 Abu-Abilam
553 747 706 824 *Alfaresi
739 750 984 827 praeceptorem
1015 741 1140 809 babuit.
1178 744 1422 811 Abu-Manum

311 868 465 935 Aldilemi
489 867 561 950 ejus
589 883 706 929 nomen
731 862 823 926 aliter
848 858 1004 944 reterens,
1041 860 1103 924 viri
1130 867 1255 942 patrem
1286 862 1423 928 militem

313 982 578 1054 Seii-Aldaulabi
601 982 632 1047 b.
658 977 817 1056 blandan,
843 978 1026 1056 bonumque
1053 983 1181 1059 poetam
1205 976 1314 1040 inisse
1340 1001 1421 1044 nar·

313 1102 409 1166 ravit.
460 1099 568 1162 Natus
603 1114 686 1158 anno
720 1091 792 1158 330
841 1092 1008 1177 blosulce,
1056 1091 1107 1154 die
1138 1091 1236 1153 Jovis
1270 1096 1421 1158 secundo

313 1226 389 1282 ante
414 1215 522 1302 linem,
533 1211 655 1277 mensis
680 1209 783 1274 Zaiar
806 1207 882 1273 anni
907 1206 980 1270 390
1017 1207 1165 1294 Bagdadi
1181 1207 1283 1270 vitam
1300 1209 1419 1276 linivit.

312 1334 435 1398 Multos
461 1329 647 1413 etquidem
672 1328 771 1392 utiles
798 1325 897 1389 libros
925 1325 1119 1406 composuit.

319 1507 323 1522 .
388 1469 666 1536 llbn-Doraid
692 1469 751 1550 (C.
779 1466 839 1553 ab,
871 1467 932 1547 1.).
962 1466 1034 1530 Viri
1057 1465 1197 1549 hujusce
1222 1484 1344 1530 nomen
1373 1479 1420 1532 est

314 1589 494 1654 Abu-Beer
530 1587 733 1650 blobammcd
770 1585 800 1648 b.
828 1583 976 1649 Albasan
1009 1583 1224 1647 Ebn·l)oraid
1249 1584 1282 1650 b.
1309 1587 1418 1650 Alita-

315 1706 402 1791 bijab
427 1706 458 1769 b.
486 1707 626 1768 llantam
661 1701 787 1768 Alasdi.
837 1698 977 1764 Scholaa
1010 1698 1170 1800 lianrcnsi
1196 1698 1345 1765 addictus
1370 1705 1417 1766 le-

315 1821 539 1907 xicograpbia,
580 1819 696 1882 litteris
724 1815 980 1901 elegantioribus
1018 1817 1175 1898 poesiqne
1202 1817 1310 1882 clarus
1337 1829 1414 1882 erat.

315 1939 410 2002 Anno
439 1936 512 1998 317
550 1937 652 1997 vitam
684 1931 875 2014 exspiravit.
927 1931 975 1993 De
1001 1929 1064 1994 boc
1090 1933 1162 1994 viro
1191 1933 1281 1996 multi
1307 1934 1413 1998 dissa-

315 2058 458 2114 ruerunt.
509 2050 561 2111 De
586 2048 659 2130 ejus
684 2047 755 2110 vita
780 2055 815 2109 et
841 2045 973 2127 scriptis
1000 2045 1115 2109 confer
1152 2047 1242 2110 beati
1265 2049 1412 2113 Hama-

315 2167 412 2230 laeri
437 2165 647 2245 specimen
673 2163 873 2246 catalogi
906 2183 937 2245 p.
965 2162 1031 2226 33..
1055 2183 1140 2247 sqq.
1179 2165 1230 2228 cl.
1252 2165 1409 2226 lloisen

315 2300 475 2348 carmen
500 2281 707 2343 Maknura
731 2299 763 2362 p.
790 2279 848 2343 25.
877 2297 961 2362 stpq.
1169 2266 1173 2271 ’

389 2420 647 2488 llbn-Faris.
711 2420 851 2484 Nomine
888 2438 970 2482 usus
998 2427 1051 2482 est
1076 2419 1317 2484 Abu-l’Hosain
1339 2419 1402 2484 Ab·

315 2541 386 2608 med
412 2540 444 2600 b.
472 2539 565 2600 baris
591 2538 622 2601 b.
649 2538 779 2621 Sicrijjtt
804 2538 915 2601 Alrasi
938 2537 1082 2620 pluribus
1097 2539 1239 2601 scientiis
1265 2538 1409 2625 insignis,

313 2655 507 2740 praesertim
546 2655 798 2742 lexicographia.
869 2657 964 2718 Anno
1004 2652 1090 2740 300,
1124 2655 1302 2720 secundum
1335 2657 1412 2719 alios

314 2771 386 2838 ³75
413 2774 569 2842 decessit.
595 2776 768 2838 Maximum
782 2775 856 2856 ejus
882 2793 965 2856 opus
991 2753 1216 2854 tillidi-&lv
1234 2783 1294 2839 est.
1324 2777 1414 2860 Cog-

313 2906 432 2951 nomen
457 2890 570 2952 Alrasi
594 2887 635 2952 ab
663 2889 780 2970 oppido
806 2887 904 2975 Rei,
929 2891 984 2954 ubi
1007 2899 1105 2954 notus
1130 2900 1214 2977 erat,
1240 2894 1381 2975 accepit.

388 3027 750 3109 Ibbn-Alsarradj
781 3027 838 3108 (C.
869 3031 904 3112 0,
932 3015 1109 3113 39.).'vir
1136 3051 1255 3094 nomen
1280 3035 1419 3118 gerebat

316 3147 497 3210 Abu-Beer
524 3140 729 3204 Moharnmcd
766 3142 796 3205 b.
828 3144 940 3206 Alseri
964 3141 1070 3238 &foll
1120 3146 1295 3210 ben-Sabi.
1346 3148 1419 3211 Co-

314 3259 455 3343 gnitionc
482 3258 706 3344 grammatices
735 3267 770 3322 et
802 3260 982 3323 litterarum
1010 3259 1245 3347 elegantiarum
1278 3263 1441 3351 insignis'

314 3374 549 3438 Almobarredo
577 3375 712 3457 aliisque
738 3377 1005 3460 praeceptoribus
1034 3397 1116 3440 usus
1142 3386 1204 3444 est.
1237 3379 1323 3461 Ejus
1353 3382 1422 3444 dis-

311 3491 410 3571 cipuli
435 3493 544 3573 plures
573 3501 666 3555 erant
691 3514 744 3555 ex.
772 3515 822 3578 gr.
850 3492 1050 3558 Abu-Saihd
1066 3493 1212 3579 Alsiraii,
1238 3487 1318 3559 Abli
1338 3498 1422 3561 ben-

310 3605 386 3668 lhse
410 3581 611 3672 Alrummani
638 3610 764 3690 aliique.
791 3610 989 3692 Djenharius
1019 3610 1094 3693 ejus
1123 3630 1224 3693 opera
1248 3613 1281 3672 in
1307 3613 1422 3677 lexico

312 3740 369 3786 suo
412 3724 604 3803 saepissime
649 3724 802 3787 adhibuit.
854 3725 988 3788 Maximi
1021 3721 1174 3789 momenti
1206 3746 1302 3814 opus,
1334 3729 1424 3812 quod

311 3827 421 3915 edidit,
456 3826 557 3920 „istit
583 3829 673 3913 maists
699 3839 884 3922 inscriptum
921 3848 982 3903 est.
1045 3841 1094 3906 Ob
1134 3842 1266 3927 linguae
1302 3843 1424 3910 vitium

277 4015 280 4020 ,
311 3952 384 4016 loco
411 3952 567 4048 litterae)
595 3951 735 4019 litteram
751 3971 780 4056 ξ
799 3960 973 4023 enunciare
998 3959 1135 4024 solebat.
1163 3959 1224 4048 Die
1246 3960 1331 4026 solis
1346 3975 1424 4028 ter-

312 4068 358 4130 tio
385 4078 462 4132 ante
487 4067 585 4133 finem
610 4069 879 4158 Dsu’l-liidjrljab
905 4077 978 4140 anni
1005 4076 1077 4141 316
1105 4077 1191 4141 obiit.

387 4210 947 4304 ubo-Arsinoit(c.c,157.
978 4221 1035 4306 11,
1065 4220 1123 4284 re.
1146 4220 1202 4306 re,
1232 4219 1302 4282 111
1333 4225 1426 4306 ete.)
