3082 4942
577 385 806 450 ...153-

134 569 248 636 damns
269 571 322 652 24,
344 568 416 636 491.
458 567 620 632 Interdum
642 588 736 650 opum
759 569 906 651 erogatio
929 565 1054 632 landem
1070 569 1234 632 nobisnon

133 679 271 761 aoqnirit
291 676 342 754 24,
366 675 437 742 304
480 677 529 738 lla
549 685 657 738 antem
681 694 775 757 opum
792 673 931 758 jeotura,
955 693 1017 756 qua
1036 676 1146 738 rnoniti
1174 691 1234 739 su·

134 807 207 852 mne
228 786 282 871 23,
307 786 376 853 108.
406 796 438 849 et
460 805 524 869 qna
545 785 716 868 prudentia
735 793 847 847 nostra
866 791 1004 868 augetur
1024 783 1075 862 24,
1100 782 1177 860 128,
1199 803 1235 846 re

134 915 215 960 vera
231 895 360 976 jactura
378 893 568 977 appellanda
588 909 649 958 non
672 899 732 956 eet.
775 889 882 972 Opum
910 899 1019 954 antem
1054 891 1237 974 dilapidatio
1359 925 1373 944 ›

134 1002 294 1085 vituperio
318 1002 415 1085 digna
437 1010 489 1063 oet
509 1002 561 1083 20,
584 1000 634 1066 72.
657 999 706 1066 75.
749 997 886 1082 23,129.
930 999 982 1077 24,
1003 999 1074 1065 257.
1116 1000 1239 1081 lnopi-

135 1110 199 1174 bus
219 1129 322 1192 parva
342 1127 418 1193 pain
438 1108 630 1193 negligenda
650 1127 714 1172 non
735 1117 787 1172 est
808 1109 839 1193 3,
863 1107 932 1192 75,
960 1107 1020 1170 sed
1046 1109 1240 1190 parsimonia

133 1216 166 1282 in
188 1219 340 1302 expensis
362 1218 614 1282 oommendanda
635 1217 684 1296 24,
702 1216 771 1284 164.
792 1217 865 1283 800.
918 1220 990 1283 Usu
1020 1219 1114 1281 tritao
1133 1218 1238 1282 vestis

133 1345 252 1390 novam
274 1327 367 1390 nobis
389 1345 586 1389 conservare
608 1324 762 1390 debemus
784 1326 836 1408 23,
858 1326 928 1393 372.
947 1355 949 1366 =
970 1329 1006 1388 ln
1027 1327 1140 1409 opibus
1161 1344 1239 1408 par-

132 1434 187 1498 vis
209 1440 336 1498 sumtus
356 1435 466 1516 magni
489 1433 626 1498 faciendi
646 1453 710 1496 non
731 1443 806 1496 sunt
825 1433 856 1511 5,
875 1433 926 1500 89.
964 1434 1052 1516 Opes
1064 1451 1239 1518 asservans¹

135 1540 196 1606 das
218 1543 290 1604 aliis
311 1562 353 1604 ne
375 1541 484 1604 tradas
506 1539 556 1617 26,
580 1539 648 1620 77.;
672 1539 704 1601 id
727 1541 811 1602 enim
833 1541 886 1621 qui
907 1541 994 1618 lecit,
1015 1545 1063 1604 eis
1085 1544 1239 1606 valedixit

137 1647 191 1728 28,
223 1649 274 1714 77.
326 1651 478 1712 Μιιιιιιιιιι
506 1666 632 1730 quoque
662 1665 782 1708 cavere
817 1647 974 1708 debemus
1009 1657 1047 1728 1,
1071 1632 1142 1712 458.
1184 1647 1237 1725 24,

137 1756 235 1832 5834
258 1757 318 1820 sed
339 1765 483 1821 mutuum
504 1777 524 1822 a
546 1757 638 1819 nobis
666 1756 747 1836 ipsis
768 1760 880 1835 petere
910 1754 968 1836 24,
990 1752 1061 1819 489.
1106 1754 1170 1834 Qui
1198 1754 1238 1818 alt

137 1882 203 1928 nno
224 1865 331 1941 sumit,
356 1874 389 1928 ut
412 1866 502 1927 alteri
521 1864 588 1947 det,
611 1881 678 1926 rem
701 1862 842 1924 inutilem
861 1861 941 1923 faoit
959 1861 1097 1944 28,158.
1140 1862 1247 1944 Quir-¹

140 1989 202 2054 quo
227 1969 387 2053 reiparte
413 1970 554 2052 amissa,
584 1967 633 2046 id,
661 1967 748 2052 quod
769 1975 889 2045 restat,
913 1967 975 2030 sibi
996 1976 1169 2032 conservet
1190 1967 1242 2045 25,

100 2098 119 2130 ⁸
143 2076 215 2163 to.;
240 2077 300 2142 sed
320 2075 674 2180 nemagnumlperdaa
694 2083 731 2138 ιιι
754 2093 891 2157 parvum
906 2092 1085 2138 oonservee
1107 2077 1160 2157 23,
1172 2074 1242 2145 430.

144 2185 259 2250 Danda
287 2196 339 2249 est
364 2206 419 2250 res
445 2187 575 2251 minoris
604 2186 711 2269 pretii,
738 2194 855 2248 utres
882 2185 1013 2268 majoris
1035 2186 1187 2248 liberetur
1209 2185 1240 2267 2,

138 2291 211 2360 200.
253 2311 357 2376 neque
386 2295 433 2356 rei
461 2293 635 2374 vestigium
669 2310 808 2374 quaeras
837 2302 912 2375 post
938 2312 1007 2356 rem
1035 2295 1187 2356 amissam
1208 2293 1242 2376 3,

142 2396 192 2462 44.
235 2399 292 2473 23,
319 2398 392 2463 289.
441 2401 478 2460 ln
506 2399 619 2481 opibus
653 2398 885 2462 conservandis
916 2399 1061 2482 pericula
1079 2397 1244 2461 subeunda

144 2510 220 2563 sunt
239 2505 270 2566 2.
291 2503 321 2568 5.
365 2502 419 2586 14,
449 2503 522 2578 44.·,
556 2504 615 2566 sed
646 2506 759 2587 opibus
793 2506 923 2568 omissis
956 2505 1174 2570 fortitudinem
1204 2525 1247 2568 ne

143 2607 294 2690 abjicias!
318 2611 350 2693 1,
364 2593 443 2677 ἰιι

128 2814 132 2818 ,
229 2739 305 2830 §5.
348 2746 684 2828 Depaupertate.
726 2745 908 2828 Paupertas
929 2765 1025 2828 quum
1049 2744 1182 2829 efficiat,
1210 2756 1246 2810 ιιι

143 2851 196 2914 alii
217 2872 277 2916 nos
299 2855 422 2917 evitent
455 2853 510 2937 19,
534 2855 584 2921 74.
612 2863 644 2919 et
665 2856 706 2920 ad
727 2855 845 2920 furtum
868 2875 927 2920 nos
957 2857 1099 2938 impellat
1127 2857 1157 2936 7,
1175 2854 1243 2938 36.;

143 2961 352 3026 vehementer
372 2963 524 3028 evitanda
545 2974 603 3030 est.
646 2967 681 3028 ln
703 2973 894 3048 paupertato
922 2985 1001 3029 vero
1021 2987 1061 3029 ne
1082 2965 1247 3038 mendices

145 3069 196 3147 28,
216 3069 276 3148 45,
307 3091 379 3136 nam
401 3071 562 3135 humilitas
584 3081 635 3136 est
657 3072 799 3156 pessima
819 3083 992 3156 paupertas
1017 3075 1047 3152 7,
1071 3074 1122 3140 55.
1264 3063 1268 3069 ”

598 3380 708 3469 Oen.
747 3381 798 3466 V.

195 3565 256 3622 lle
273 3565 399 3622 lande
416 3568 647 3636 ethonore,
664 3568 865 3626 dedecor-e
891 3572 933 3626 et
954 3569 1198 3637 lsnomlnla.

234 3685 324 3749 Laus
347 3685 460 3767 opibus
483 3685 574 3749 nobis
594 3685 729 3749 amende
750 3695 801 3748 ent
823 3687 863 3749 24
871 3731 883 3771 ,
906 3685 992 3770 4785
1013 3689 1074 3752 sed
1093 3712 1134 3753 ne
1156 3693 1249 3757 lande

149 3801 204 3856 lua
225 3790 392 3876 decipiaris
414 3793 466 3877 24,
490 3794 559 3862 137.
601 3795 747 3860 Laudem
773 3815 927 3879 quaerero
954 3799 1110 3862 debemus
1133 3809 1165 3864 et
1195 3801 1250 3864 vi-

149 3905 272 3986 tuperio
285 3927 303 3968 ιι
324 3906 440 3989 fugere
462 3906 493 3990 6,
515 3905 603 3988 139.;
626 3928 700 3972 narn
723 3909 776 3993 qui
797 3911 957 3991 seipsum
981 3919 1145 3974 contemtu
1174 3908 1250 3994 dig·

150 4035 225 4078 ιιιιιιι
247 4015 355 4098 habet,
378 4035 450 4080 enm
472 4017 525 4080 alii
545 4027 751 4082 contemnunt
773 4019 824 4097 24,
846 4017 919 4086 404.
932 4017 1005 4086 465:
1048 4021 1107 4083 Vir
1126 4023 1169 4085 ibi
1191 4031 1253 4099 est,

151 4121 207 4184 ubl
227 4141 266 4186 ae
286 4125 390 4206 ipsum
411 4126 548 4190 oodooat
569 4127 623 4208 24,
650 4125 721 4193 589.
763 4129 876 4190 Honor
906 4127 936 4190 in
966 4127 1061 4190 aldiis
1087 4149 1253 4212 equorum,

153 4227 368 4305 (fortitudine)
390 4241 442 4295 eet
463 4233 514 4312 18,
536 4234 607 4302 292.
637 4245 670 4298 et
691 4238 743 4318 qui
763 4255 844 4317 opes
864 4255 943 4300 suas
965 4236 1056 4317 parvi
1073 4231 1167 4319 'lania
1189 4239 1251 4300 lio-

868 4340 931 4402 10*
