3126 4958
607 384 857 471 ‘-or-

203 591 370 674 injustitia,
392 593 544 674 serpenti,
559 594 696 674 ¹viperae
718 601 750 655 et
771 595 931 674 scorpioni
942 593 1105 675 injustitia,
1131 603 1302 656 tumseor-

204 703 287 780 pioni
315 699 486 780 stupiditas
514 707 547 760 et
574 716 707 762 muscae
730 701 865 782 deniqne
886 701 1033 780 superbia
1054 701 1207 765 tribuitur.

139 879 143 888 Ι
197 835 201 842 ·
285 803 320 893 ἕ
343 806 372 872 5.
415 807 850 889 Arboresetplantae.
893 809 1024 870 Palmae
1047 807 1129 870 duae
1151 807 1302 870 Hulwani
1378 865 1381 868 .

202 914 294 978 diuin
317 917 472 976 societate
493 925 583 976 erant
606 914 654 992 16,
676 913 740 994 62.,
763 915 869 996 palma
897 914 1034 998 dactylis
1056 915 1220 978 abundans
1241 913 1304 976 ho-

202 1033 315 1086 norata
338 1032 389 1084 est
410 1023 458 1096 22,
484 1021 555 1089 236.
577 1023 682 1085 Arbor
704 1023 929 1086 Karmalab
950 1025 1090 1085 vllisest
1110 1023 1141 1104 9,
1163 1023 1213 1088 58.
1236 1024 1303 1084 Α1-

203 1130 260 1192 bor
289 1129 521 1192 Barwakab
542 1130 625 1191 bene
647 1131 714 1214 agit
734 1127 857 1213 gra'tias
889 1129 939 1213 13,
962 1129 1030 1196 139.
1053 1140 1085 1192 et
1109 1130 1219 1192 debilis
1241 1149 1304 1209 ap-

201 1240 336 1320 pellatur
358 1238 410 1322 15,
441 1238 491 1304 59.
536 1239 682 1324 21,121.
737 1241 841 1302 Arbor
863 1237 1054 1301 Katadah
1077 1239 1220 1319 dispersa
1240 1257 1303 1318 ap-

198 1346 336 1428 pellatur
359 1345 412 1428 13,
438 1345 506 1410 143.
542 1345 655 1408 Arbor
676 1348 755 1408 Ala
777 1363 885 1408 amara
908 1353 960 1406 est
981 1343 1034 1427 24,
1056 1343 1128 1408 423.
1181 1343 1305 1406 Olean-

200 1449 256 1511 der
284 1469 395 1513 amara
423 1451 537 1512 dicitur
560 1450 611 1526 24,
631 1449 703 1514 436.
723 1451 807 1511 Aloe
829 1470 938 1512 amara
960 1457 1010 1510 est
1031 1449 1085 1524 24,
1107 1448 1178 1514 422.
1208 1451 1324 1542 Myr-¹

172 1557 256 1632 ,rba
278 1577 389 1619 amara
412 1555 546 1652 15124,
568 1556 641 1620 436.
699 1557 867 1618 l‘ortulaea
894 1558 1023 1637 stupida
1046 1557 1210 1641 1111111116,
1235 1557 1304 1622 185.

168 1687 174 1706 1
201 1658 309 1722 'l'uber
329 1667 435 1720 terrae
456 1659 560 1720 album
582 1660 648 1719 vile
668 1666 719 1719 est
740 1656 771 1738 9,
796 1657 846 1722 53.
889 1658 1020 1722 Medica
1042 1657 1180 1718 difficilis
1202 1659 1304 1717 fractu

201 1773 252 1825 est
275 1764 326 1847 tt,
353 1763 421 1830 199.
465 1765 578 1828 Planta
601 1762 807 1827 Caschuts
830 1763 985 1826 adhaeret
1005 1762 1055 1840 23,
1078 1763 1149 1827 488.
1192 1763 1306 1824 Planta
1375 1809 1376 1812 ,

203 1871 389 1936 Chotbnn
412 1892 520 1935 amara
549 1883 600 1934 est
622 1871 673 1954 24,
696 1871 769 1936 422.
823 1871 915 1950 Cepa
938 1872 1112 1931 vestitaet
1133 1878 1200 1934 tuta
1223 1870 1304 1930 diei-

200 1986 252 2040 tur
283 1979 338 2062 22,
372 1977 444 2043 225.
496 1977 706 2060 Colocynthis
739 1997 847 2038 amara
876 1977 927 2057 24,
959 1974 1031 2042 436.
1066 1985 1099 2038 et
1120 1976 1231 2038 odiosa
1252 1976 1302 2050 22,

199 2087 270 2154 244.
308 2095 371 2150 est.
428 2086 546 2150 Rutae
583 2087 660 2150 oder
688 2087 892 2170 serpentibus
924 2086 1054 2178 odiosus
1086 2095 1137 2148 est
1170 2086 1201 2169 2,
1235 2084 1304 2151 165.

199 2197 332 2261 Arunda
361 2205 414 2258 est
441 2197 526 2258 levis
555 2195 679 2280 7,113.
723 2196 895 2258 Arundinis
933 2206 1046 2258 cortex
1080 2205 1132 2259 est
1153 2203 1250 2258 acuta
1271 2193 1301 2272 6,

193 2306 270 2371 217.
313 2305 405 2368 Rosa
427 2315 477 2367 est
497 2306 647 2387 fragrans
667 2305 709 2388 ll,
732 2306 781 2372 62.
829 2309 962 2370 Arboris
984 2317 1115 2371 truncus
1137 2315 1188 2368 est
1209 2323 1305 2388 asper

199 2418 231 2497 7,
255 2415 325 2482 137.
367 2418 502 2479 Arboris
521 2417 631 2481 Salam
653 2420 729 2480 folia
751 2428 910 2492 contemta
923 2428 1007 2481 sunt
1028 2420 1080 2502 27,
1105 2418 1172 2484 168.

284 2524 460 2586 Arboribus
489 2541 613 2607 qnoque
640 2544 678 2587 ac
699 2528 816 2606 plantis
849 2527 973 2590 indoles
995 2527 1151 2609 quaedam
1174 2529 1204 2590 in
1226 2549 1305 2609 pro-

199 2631 318 2695 verbiis
341 2649 519 2695 concessae
539 2642 626 2715 snnt,
649 2654 732 2715 quae
754 2635 877 2697 nonnisi
906 2636 1083 2698 hominibus
1105 2639 1305 2699 conveniunt.

200 2745 255 2807 Sic
277 2747 371 2808 arbor
393 2747 629 2820 Barwahab
655 2749 827 2828 gratiarum
851 2747 976 2812 actione
991 2750 1134 2834 pulchra,
1157 2755 1304 2834 portula-

200 2871 239 2914 ca
262 2853 450 2935 stupiditate
471 2852 671 2916 describitur.

284 2961 376 3040 Quae
411 2962 579 3044 bucusque
612 2963 840 3044 recensuimus,
874 2967 1052 3029 nominibus
1089 2969 1224 3052 propriis
1253 2969 1305 3030 di-

189 3069 318 3133 stincta
339 3071 516 3155 erant,jam
532 3072 573 3136 ad
596 3094 635 3138 ea
656 3075 813 3152 venimus,
837 3094 920 3156 quae
941 3077 1122 3157 ampliorem
1138 3076 1305 3151 signitica-
1401 3152 1404 3160 ,

141 3241 146 3252 .
198 3177 315 3240 tionem
336 3179 485 3242 habentia
507 3183 546 3244 ob
559 3183 713 3264 quasdem
735 3184 774 3244 iis
796 3184 931 3244 tributas
948 3184 1083 3268 indoles,
1107 3184 1303 3246 conditiones

201 3296 297 3369 atque
319 3290 437 3369 agendi
458 3293 598 3354 rationes
634 3293 674 3355 ad
695 3294 867 3374 proverbia
888 3295 1081 3357 invenienda
1108 3314 1220 3358 ansam
1243 3294 1305 3356 de·
1406 3335 1409 3338 -

201 3393 326 3458 derunt.
380 3397 416 3457 ln
439 3401 702 3482 terra'ooeloque
725 3407 761 3464 et
776 3390 877 3462 'rebus
907 3419 977 3461 cum
999 3402 1038 3462 iis
1059 3401 1304 3466 cohaerentibus

199 3502 391 3584 incipientes
413 3502 454 3566 ad
476 3502 620 3567 homines
642 3524 814 3588 eorumque
835 3505 1032 3568 conditiones
1058 3516 1091 3569 et
1111 3509 1230 3591 agendi
1249 3489 1305 3572 ra-

199 3613 302 3674 tiones
324 3613 497 3677 transimus
519 3623 552 3677 et
573 3614 604 3675 in
628 3615 723 3677 rebus
744 3613 879 3677 finimus.

282 3714 315 3806 §.
338 3717 366 3784 6.
409 3721 533 3790 Terra
567 3721 801 3804 coelumque
834 3731 874 3786 et
904 3742 972 3786 res
1007 3743 1090 3788 cum
1120 3723 1304 3806 iio-quo-

199 3825 407 3890 dammodo
439 3828 730 3899 cohaerentes.

282 3934 425 3999 blundus
446 3945 499 3999 est
519 3937 648 4020 pulcher
669 3938 698 4015 6,
724 3939 795 4008 206.
839 3943 942 4007 'l'erra
963 3955 1015 4008 est
1035 3955 1166 4030 portans
1188 3942 1303 4028 1,416.

197 4037 230 4123 6,
261 4041 351 4123 221.;
381 4043 583 4108 abscondens
614 4047 644 4130 1,
666 4045 737 4116 416.
780 4049 831 4128 22,
854 4051 1125 4130 242.‚eoneulcata
1151 4052 1203 4130 26,
1225 4053 1307 4132 123,

199 4146 329 4214 inventa
362 4147 414 4229 26,
438 4150 518 4230 119,
551 4153 624 4216 vilis
642 4155 744 4238 pretio
775 4155 828 4239 10,
852 4157 932 4235 195,
956 4159 1128 4246 divulgans
1150 4159 1200 4239 25,
1223 4159 1305 4235 111,

199 4254 302 4340 tidelis
331 4257 362 4336 1,
382 4255 465 4341 tto,
503 4261 688 4328 custodiens
712 4263 741 4344 1,
760 4263 843 4344 416.,
876 4265 995 4332 fiducia
1028 4268 1122 4350 digna
1146 4265 1196 4346 26,
1221 4265 1305 4344 122..
