3126 4958
765 343 778 366 Α

724 366 922 434 ..ae-

274 553 327 630 21,
348 549 418 617 142.
461 549 594 614 Stercus
617 559 670 614 εει
689 553 754 613 vile
773 551 876 632 pretio
900 550 952 633 10,
977 548 1057 628 lun,
1079 551 1231 614 stercoris
1263 505 1382 634 globu-

273 661 322 724 lus
342 661 416 724 vilis
436 659 468 738 8,
491 657 555 739 66,
577 656 689 722 merda
709 658 849 722 humana
869 659 990 722 foetida
1012 659 1064 742 25,
1090 657 1160 726 116

355 767 380 842 i)
422 766 560 828 Varia.
603 766 780 826 Ambarum
813 777 864 828 εει
892 765 1046 848 fragrans
1071 761 1101 842 9,
1134 762 1197 851 62,
1228 783 1288 847 uec
1320 785 1383 828 non

165 855 169 860 ⁵
271 889 403 936 museus
428 869 458 947 9,
481 870 530 936 62.
556 867 605 946 16,
626 869 667 936 69
674 887 684 950 3
726 869 843 934 idolum
864 872 1031 952 pulchrum
1065 871 1094 950 6,
1121 870 1201 952 196,
1236 873 1381 954 lacryma

270 997 349 1062 pura
370 979 422 1063 25,
445 977 527 1059 136,
550 979 620 1041 Ιειιε
640 979 724 1059 (dis)
748 988 910 1042 contemta
929 968 981 1056 27,
1005 980 1084 1055 168,
1107 981 1216 1062 pluma
1237 980 1277 1044 ad
1300 983 1382 1064 glu-

273 1095 327 1148 ten
347 1087 476 1148 firmiter
497 1087 676 1150 adhaerens
707 1085 761 1170 23,
783 1085 867 1169 490,
900 1088 1007 1168 paries
1035 1088 1146 1152 firmus
1175 1090 1206 1151 in
1235 1089 1329 1152 domo
1349 1089 1382 1170 4,

273 1193 338 1276 37,
360 1212 523 1256 venenum
545 1213 666 1258 necans
689 1195 743 1276 21,
769 1194 848 1272 147,
871 1214 1032 1260 venenum
1064 1197 1231 1260 confestim
1264 1214 1384 1260 necans

272 1306 380 1367 celere
402 1303 451 1380 12,
478 1303 559 1387 142,
581 1304 708 1368 Praeda
728 1305 760 1366 io
784 1321 845 1385 qua
866 1304 909 1366 nil
929 1305 1044 1386 ingrati
1063 1313 1124 1388 est,
1150 1303 1295 1386 jucunda
1316 1307 1381 1368 lra-

271 1412 365 1475 betur
384 1411 438 1496 23,
462 1412 533 1484 tot.
575 1415 743 1495 Scriptura
762 1414 794 1475 in
816 1411 922 1492 lapide
944 1421 996 1476 est
1017 1411 1168 1476 durabilis
1189 1413 1221 1492 2,
1245 1410 1326 1489 mes,
1348 1419 1382 1476 et

271 1525 395 1604 pictura
415 1525 447 1584 in
469 1542 564 1588 manu
585 1523 715 1590 firmiter
747 1520 903 1586 adhaeret
933 1519 964 1598 4,
985 1505 1036 1588 96.
1078 1521 1290 1586 Proverbiom
1321 1540 1384 1582 non

272 1627 473 1712 divulgatum
494 1641 545 1694 est
567 1631 632 1694 vile
654 1631 684 1708 2,
709 1630 895 1698 1791911110
918 1639 969 1694 εει
990 1631 1105 1696 celeris
1128 1627 1180 1708 26,
1205 1633 1283 1706 111,
1320 1647 1383 1693 au-

270 1725 340 1800 ditu
362 1738 475 1800 valens
497 1741 547 1823 12,
571 1738 641 1806 143.
683 1739 804 1803 Umbra
826 1749 878 1804 est
899 1738 1033 1805 adsidua
1054 1739 1107 1821 23,
1124 1737 1186 1806 492
1193 1754 1203 1819 3
1225 1739 1385 1820 phantas-

271 1863 325 1908 ma
346 1855 444 1908 noctu
466 1846 585 1908 incedit
606 1847 657 1924 12,
683 1845 763 1927 139,
787 1853 820 1907 et
843 1854 1007 1925 spectrum
1023 1845 1177 1906 familiare
1195 1853 1247 1905 eat
1270 1851 1299 1926 1,
1312 1841 1385 1909 424.

274 1949 365 2012 Unus
388 1958 421 2011 et
442 1949 555 2012 unicus
576 1957 627 2011 est
647 1966 773 2030 paucus
794 1946 849 2025 21,
873 1947 950 2028 1393
980 1948 1156 2030 nonaginta
1196 1947 1384 2025 (numerus)

273 2062 326 2118 est
346 2063 506 2138 angustus
530 2055 578 2132 15,
602 2051 652 2121 56.
696 2054 787 2118 Nihil
808 2054 840 2117 in
862 2072 996 2116 numero
1018 2065 1069 2116 est
1083 2071 1220 2137 paucum
1239 2053 1274 2118 21
1280 2098 1291 2136 ,
1305 2053 1381 2136 1393

272 2163 322 2224 sic
344 2178 472 2243 quicque
494 2180 571 2222 non
592 2160 623 2222 io
646 2179 794 2224 sermone
815 2162 870 2243 21,
893 2158 963 2226 199.

354 2268 450 2352 Quod
466 2268 534 2352 jam
556 2288 655 2351 supra
677 2269 823 2354 exposui,
857 2268 890 2332 id
912 2269 1066 2332 hocloco
1088 2269 1296 2354 repetendum
1319 2279 1382 2356 est,

270 2379 397 2444 Arabes
419 2389 482 2446 tam
505 2401 610 2446 rerum
634 2381 844 2464 multitudine,
868 2383 983 2463 quibus
1002 2381 1125 2444 indoles
1142 2379 1385 2464 tribuuntquam

277 2487 416 2554 indolem
440 2488 637 2552 multitudino
659 2509 699 2552 ac
719 2491 888 2566 varietate,
913 2510 994 2575 quas
1014 2491 1150 2573 singulis
1172 2492 1268 2554 rebus
1286 2491 1381 2572 adju·

272 2595 424 2670 dicarunt,
449 2615 468 2660 a
492 2597 630 2660 caeteris
652 2599 800 2680 gentibus
823 2598 1056 2682 distinguique
1071 2619 1112 2662 ex
1121 2619 1165 2677 re,
1177 2599 1385 2662 vehementer

272 2703 398 2767 deditos
420 2723 478 2767 eos
501 2706 602 2768 luisse
624 2706 865 2789 proverbialiter
879 2705 1028 2788 loquendi
1049 2707 1143 2770 modo
1164 2709 1277 2770 videre
1298 2710 1382 2770 lieet.

273 2811 369 2890 Quod
391 2831 469 2878 vero
491 2815 522 2877 in
544 2816 720 2896 proverbiis
751 2815 900 2878 Arabicis
928 2823 1013 2878 terra
1041 2823 1151 2898 petere
1166 2815 1385 2899 dicitur,quod

273 2917 378 2979 fidelis
391 2926 452 2999 est,
462 2919 640 3000 quodterra
661 2922 693 2982 in
719 2929 835 2998 arenae
844 2922 980 2984 cumulis
1002 2930 1150 3006 tanquam
1167 2922 1385 3001 stupidados-
1416 2917 1421 2920 ’

273 3029 414 3110 eribitur,
426 3029 510 3110 quod
519 3030 634 3091 bilanci
645 3030 804 3111 aequitas,
818 3030 937 3111 paxillo
958 3031 1111 3111 patientia
1131 3031 1162 3092 in
1184 3031 1317 3093 ferenda
1334 3029 1388 3092 vi-

272 3137 362 3199 litate
384 3137 547 3216 tribuitur;
571 3134 655 3218 quod
666 3155 779 3200 manus
790 3138 820 3199 in
828 3144 920 3199 utero
933 3135 1075 3215 attonita,
1089 3139 1244 3220 postilena
1247 3138 1386 3220 jumenti

278 3243 405 3310 addicta
427 3243 526 3305 amori
546 3250 755 3323 praepostero
777 3247 916 3328 putatur,
937 3243 1177 3308 tintinnabulum
1200 3255 1233 3307 et
1255 3264 1315 3307 vas
1328 3246 1384 3306 vi-

277 3360 379 3414 treum
403 3360 552 3431 tauquam
574 3347 759 3433 divulgans,
783 3349 922 3412 medulla
945 3349 1062 3434 liquida
1084 3359 1235 3434 tanquam
1245 3338 1386 3414 liberalis

275 3436 466 3542 depingitur,
491 3456 571 3520 echo
593 3455 701 3521 auditu
731 3458 862 3541 valens,
892 3478 956 3523 nox
983 3458 1102 3540 injusta
1136 3469 1169 3522 et
1186 3459 1385 3530 ,lenocinium

274 3565 355 3627 bene
378 3584 535 3632 exercens
565 3569 760 3652 appellatur,
789 3567 822 3632 id
849 3567 994 3632 Arabum
1024 3566 1152 3650 poetico
1182 3565 1306 3654 ingenio
1329 3566 1390 3629 tri-

229 3741 234 3754 ,
273 3671 431 3738 meandum
453 3670 591 3756 videtur.
1130 3675 1133 3680 ’
