3126 4958
292 513 401 600 populi
426 511 553 580 fierent.
585 513 697 580 Pauca
736 525 860 582 tantum
894 515 1069 600 proverbia
1093 515 1284 600 excipienda
1309 530 1402 608 sunt,
1493 532 1494 550 ¹

294 631 411 716 quippe
438 653 519 716 quae
549 635 684 722 singulis
710 637 871 722 gentibus,
887 633 1013 722 oppidis
1039 636 1293 719 regionibusque
1316 658 1404 720 pro-

292 749 364 832 pria
389 762 564 816 manerent.
595 755 713 818 Coni.
741 755 781 824 C.
806 757 841 842 8,
857 755 915 818 67.
938 753 1405 840 14,104.21,133-135.
1496 774 1497 820 1

295 866 377 931 138.
404 870 642 935 Praetermisso
656 873 755 958 igitur
779 873 811 934 in
838 873 975 958 singulis
1001 873 1145 936 Arabum
1166 873 1319 956 gentihus
1347 872 1405 936 di-

292 1004 392 1048 verso
415 987 660 1068 proverbiorum
672 988 779 1074 modo,
792 988 845 1070 qui
862 988 921 1050 vix
948 996 1102 1052 accurate
1130 987 1268 1051 describi
1282 988 1405 1070 possit,
1499 1014 1500 1030 ¹

293 1117 350 1163 eas
384 1121 451 1189 res,
487 1103 599 1184 quibus
636 1105 776 1168 Arabum
809 1106 984 1188 proverbia
1023 1106 1261 1186 areliquarum
1291 1105 1406 1168 natio-

291 1235 367 1280 num
389 1220 571 1300 proverbiis
598 1220 758 1306 differant,
784 1222 927 1284 breviter
950 1239 1127 1284 recensere
1153 1221 1185 1282 in
1213 1221 1315 1284 animo
1337 1231 1407 1285 est.

292 1329 476 1396 Diversitas
503 1344 611 1399 autem
636 1336 844 1400 illatribusin
869 1338 980 1423 rebus,
1002 1337 1142 1424 origine,
1169 1356 1282 1416 sensu,
1305 1336 1405 1400 medo
1503 1363 1504 1392 ι

291 1443 456 1530 formaque
481 1450 727 1532 proverbiorum
752 1453 959 1534 potissimum
984 1453 1167 1534 quaerenda
1193 1462 1256 1516 est.

393 1563 643 1631 Proverbiorum
669 1569 884 1635 Arabicorum
910 1571 1003 1656 origo
1030 1572 1140 1659 rebus,
1168 1571 1314 1652 aquibus
1341 1568 1406 1630 de-

292 1688 401 1746 sumto
426 1689 512 1764 sunt,
538 1704 559 1749 a
584 1687 726 1750 caeteris
752 1689 799 1752 ita
824 1688 1021 1771 discrepare,
1047 1698 1084 1754 ut
1109 1689 1205 1754 iniis
1232 1705 1314 1750 vera
1340 1704 1405 1748 eo·
1507 1660 1508 1670 ἵ

293 1789 530 1866 runconditio
557 1813 654 1886 atque
680 1805 804 1867 indoles
834 1813 1072 1888 cognoscatur,
1100 1805 1228 1866 dubium
1253 1820 1316 1862 nen
1343 1808 1405 1877 esi,

294 1911 423 1976 Arabes
448 1916 532 1976 enim
561 1925 597 1977 ut
623 1919 701 2001 situ,
726 1926 842 1978 natura
867 1935 905 1978 ac
931 1915 1012 1974 coeli
1042 1915 1199 1996 temporie
1228 1913 1402 1972 distinctas

293 2027 445 2111 regiones
471 2029 678 2115 incolebant,
708 2030 758 2092 sio
794 2028 957 2092 diversam
985 2027 1118 2088 vivendi
1150 2025 1307 2086 rationem
1342 2041 1403 2085 se-

295 2140 486 2222 quebantur,
512 2149 549 2204 ut
576 2162 643 2227 res,
670 2161 752 2223 quae
780 2141 902 2205 autad
928 2149 1034 2203 terras
1061 2148 1117 2201 aut
1151 2137 1192 2199 ad
1235 2136 1401 2200 diversam

292 2256 426 2320 vivendi
464 2257 622 2322 rationem
662 2267 887 2346 «spectarent,
932 2256 964 2318 in
1011 2254 1193 2339 proverbiis
1238 2255 1402 2336 propriam

294 2371 404 2456 gentis
444 2372 661 2439 conditionem
688 2381 721 2438 et
745 2373 884 2437 indolem
910 2392 973 2435 non
1012 2380 1151 2456 possent
1183 2391 1245 2434 non
1271 2371 1403 2456 signifi-

296 2508 380 2552 care.
416 2488 576 2570 Quaeres
591 2512 632 2553 ne
650 2493 734 2556 male
759 2491 969 2576 intelligatur,
1001 2490 1064 2554 sed
1089 2491 1205 2554 clarius
1232 2497 1402 2573 appareat,

295 2605 405 2687 paucis
432 2608 591 2692 exemplis
618 2609 809 2674 illustranda
836 2618 900 2672 est.

369 2723 548 2789 Proverbia
573 2727 791 2814 aregionibus
817 2744 990 2806 earumque
1009 2733 1136 2811 natura,
1162 2733 1198 2788 ut
1224 2723 1403 2808 Ο.1,230,

299 2841 356 2927 12,
386 2843 467 2907 130.
504 2845 563 2932 21,
591 2845 649 2908 33.
680 2847 760 2908 148.
786 2845 921 2925 alceia,
960 2846 1134 2929 montibusr,
1168 2842 1278 2906 fluviis
1298 2842 1336 2906 C.
1369 2842 1402 2924 l,

298 2957 382 3021 404.
411 2959 495 3025 407.
524 2962 606 3024 423.
634 2961 718 3024 445.
763 2962 798 3047 2,
827 2962 886 3025 30.
936 2961 969 3043 3,
997 2959 1056 3027 20.
1106 2961 1141 3046 4,
1167 2958 1324 3028 24-28.
1367 2959 1406 3045 5,

301 3073 386 3138 132.
412 3084 475 3146 etc.
502 3077 628 3161 oppidis
655 3077 844 3159 arcibusque
870 3076 904 3158 3,
931 3076 990 3140 32.
1034 3077 1092 3162 10,
1122 3076 1202 3138 195.
1231 3074 1315 3138 201.
1343 3074 1405 3136 de-

297 3193 406 3256 rivata
443 3204 529 3256 sunt.
593 3194 651 3257 llla
677 3213 780 3276 quum,
807 3195 917 3277 paucis
945 3195 1105 3280 exceptis,
1133 3194 1165 3254 in
1191 3193 1297 3272 terris,
1323 3211 1403 3274 quas

299 3307 430 3371 Arabes
457 3309 650 3396 incolerent,
693 3310 758 3372 sita
782 3311 860 3396 sint,
895 3310 969 3374 inde
994 3311 1205 3373 Arabicorum
1232 3307 1406 3390 proverbi-

301 3441 392 3488 orum
417 3425 552 3507 propria
578 3425 719 3488 conditio
752 3426 892 3507 elucere,
926 3427 995 3510 quis
1028 3434 1090 3513 esi,
1118 3427 1259 3507 quinon
1283 3425 1406 3487 videat.

303 3536 387 3618 Quid
414 3540 518 3605 dicam
559 3542 600 3604 de
626 3541 832 3628 proverbiis,
870 3562 951 3624 quae
984 3542 1026 3607 ad
1052 3551 1294 3627 tempestatem,
1324 3561 1408 3604 ven-

299 3663 364 3735 tos,
377 3656 509 3720 fulmina
520 3657 729 3742 pluviamque
748 3666 912 3740 spectant.
938 3659 1057 3720 Nonne
1070 3658 1102 3720 in
1118 3658 1157 3719 iis
1179 3657 1311 3741 propria
1337 3665 1407 3721 ter-

300 3789 357 3834 rae
380 3771 518 3833 conditio
544 3773 739 3856 saepissime
777 3767 949 3837 cernitur?
975 3776 1012 3836 ln
1037 3775 1211 3856 proverbio
1246 3774 1285 3838 C.
1313 3774 1348 3858 2,
1373 3773 1407 3834 8.
1497 3839 1501 3854 ,

301 3885 433 3973 frigoris
460 3887 607 3951 matutini
632 3899 666 3952 et
693 3890 757 3952 diei
782 3898 896 3953 aestus
922 3889 1042 3952 mentio
1068 3890 1117 3976 fit,
1145 3909 1228 3974 quae
1254 3863 1309 3951 res
1344 3889 1407 3952 illis

197 4103 200 4110 Ι
302 4003 489 4088 regionibus
530 4007 680 4089 propriae
720 4018 808 4096 sunt,
861 4008 970 4072 conf.
1000 4010 1056 4090 18,
1097 4008 1180 4074 110.
1216 4007 1273 4072 Sic
1308 4006 1346 4069 C.
1375 4004 1409 4090 2,

304 4117 362 4181 56.
397 4119 529 4209 fulmini,
570 4125 653 4205 qued
679 4127 790 4209 pluvia
823 4146 887 4190 non
912 4128 1069 4213 sequitur,
1102 4136 1239 4192 externa
1263 4125 1407 4208 pulchri-

302 4237 378 4298 tudo
405 4237 614 4328 adjudicatur,
640 4243 701 4306 sed
720 4244 880 4310 internum
904 4245 1053 4309 meritum
1072 4245 1263 4330 denegatur,
1290 4243 1408 4326 quippe
