3022 4940
730 325 877 400 ''¹an
916 359 958 372 ...-

296 537 359 580 non
380 523 432 580 est
454 511 505 597 10,
529 513 598 581 121.
642 510 707 594 Qui
730 529 770 575 se
789 508 976 594 vindicavit,
998 511 1192 594 aequitatem
1213 533 1277 578 nou
1297 514 1393 583 dese·

295 627 358 690 ruit
378 625 432 709 23,
452 623 527 692 208.

746 907 858 1004 Gar.
896 913 946 1000 V.

614 1105 675 1163 lte
684 1099 767 1161 aa·
780 1104 827 1160 tn
840 1101 1073 1178 pantasia.

373 1256 477 1326 Fides
502 1258 533 1320 in
559 1254 726 1340 promissis
752 1253 824 1320 Deo
849 1259 944 1339 grata
981 1260 1034 1322 ast
1053 1248 1109 1334 26,
1136 1251 1187 1328 06.
1227 1250 1390 1322 Promissa

290 1369 473 1438 necessario
495 1365 691 1450 perficienda
711 1373 789 1430 snut
810 1362 865 1448 26,
890 1361 958 1434 135.
1002 1361 1139 1442 18116.
1181 1362 1231 1440 25,
1255 1363 1296 1448 ft,
1318 1384 1390 1430 nam

288 1476 458 1566 momissis
490 1497 553 1542 non
580 1476 772 1540 satisfacere
802 1474 832 1554 1,
857 1479 925 1540 111.
948 1469 1018 1538 200.
1079 1475 1128 1548 12,
1149 1471 1201 1538 81.
1246 1471 1387 1556 13,102.

219 1615 224 1622 ·
288 1587 340 1665 23,
364 1584 416 1654 60.
458 1583 510 1663 26,
535 1583 585 1652 72.
607 1592 641 1649 et
661 1581 811 1648 fiduciam
841 1582 873 1644 in
893 1578 986 1642 nobis
1008 1577 1146 1660 positam
1169 1578 1278 1642 fallere
1299 1588 1388 1664 turpe

160 1715 166 1728 ·
286 1702 339 1760 „r
363 1692 415 1776 18,
438 1689 469 1760 9.
511 1691 566 1754 Ne
587 1688 686 1772 igitur
707 1687 779 1770 quis
808 1683 969 1770 promissa
994 1683 1104 1766 faeiat,
1126 1702 1210 1768 quae
1229 1685 1388 1768 complere

283 1817 346 1865 uon
367 1800 491 1883 potestl
510 1796 542 1874 4,
566 1797 615 1860 11.
648 1795 712 1874 Qui
733 1793 833 1858 fidem
853 1792 961 1856 detem
980 1790 1104 1874 fefellit,
1128 1794 1158 1856 ei
1171 1802 1286 1876 postea
1306 1793 1387 1863 fides

281 1904 430 1976 habenda
467 1923 529 1966 non
559 1908 609 1963 ast
631 1899 682 1976 22,
715 1898 765 1966 66.
814 1901 991 1984 Promissa,
1019 1920 1103 1984 quae
1123 1923 1185 1972 non
1208 1901 1385 1986 implentur,

280 2012 442 2095 vituperio
463 2021 539 2077 sunt
557 2011 657 2096 digne
676 2005 728 2091 2³,
752 2006 823 2078 400.
845 2007 917 2084 468.
960 2007 1012 2087 28,
1033 2007 1083 2074 et.

723 2304 834 2397 Gar.
872 2305 951 2395 VI.

554 2496 614 2551 n·
631 2492 795 2565 naues,
813 2494 919 2563 nou,
937 2493 1106 2550 amera

359 2647 397 2711 Si
417 2645 564 2712 homines
589 2644 727 2731 decipis,
753 2645 846 2708 Deus
868 2654 901 2707 te
922 2643 1041 2728 punibit
1064 2650 1093 2722 1,
1113 2642 1182 2710 260.
1237 2643 1385 2730 Vitupe-

273 2751 391 2816 rsadus
413 2764 473 2834 est,
491 2759 544 2836 qui
557 2754 810 2819 dissimulatione
830 2753 862 2814 in
879 2749 1006 2842 agendo
1027 2753 1109 2814 elios
1132 2751 1284 2836 decipere
1304 2765 1385 2820 stu-

273 2859 379 2938 tlet3‚
403 2857 472 2926 137.
505 2861 543 2940 ,0,
567 2849 617 2926 57.
660 2860 765 2928 Dolus¹
786 2861 817 2922 in
838 2859 998 2923 hominnm
1025 2863 1186 2925 consortio
1219 2863 1381 2929 condem-

272 2979 377 3047 natur,
397 2968 529 3052 quippe⁸
545 2968 597 3048 qui
625 2973 657 3026 et
693 2967 774 3032 elios
804 2985 883 3048 erge
917 2986 978 3030 nos
999 2967 1040 3034 ad
1061 2968 1225 3052 perfidiam
1243 2971 1384 3054 impellit

270 3078 327 3162 24,
347 3077 419 3145 249.
442 3075 525 3138 corii.
556 3073 586 3148 3,
613 3071 682 3136 tm.
736 3073 786 3148 20,
812 3071 865 3139 30.
915 3075 966 3150 28,
991 3075 1060 3160 99.;
1091 3079 1381 3143 αε1ιιῑία.νθτοο1

270 3183 430 3246 calliditas
458 3176 721 3242 commendantur
748 3179 833 3242 conl.
863 3183 891 3257 1,
914 3179 983 3245 136.
1006 3180 1077 3247 207.
1122 3184 1154 3266 2,
1177 3183 1226 3250 70.
1271 3183 1301 3263 0,
1324 3183 1383 3252 28.

266 3287 339 3356 240.
384 3286 433 3365 15,
460 3288 487 3350 l.
534 3286 586 3368 22,
619 3284 691 3350 315.
742 3287 890 3352 Astatiae
921 3306 1000 3350 vero
1033 3297 1095 3378 est,¹
1128 3309 1189 3355 non
1220 3289 1383 3354 adhibere

266 3398 419 3462 astutiam
439 3395 491 3480 21,
515 3393 587 3461 593.
632 3393 754 3458 Contra
784 3396 977 3478 inopinatum
1000 3397 1148 3469 insultum
1171 3399 1222 3483 23,
1246 3396 1319 3470 395.
1346 3409 1384 3464 et

265 3512 300 3564 ut
328 3524 396 3567 rem
425 3505 611 3566 necessario
641 3503 863 3592 peragendam
890 3506 1075 3587 evitemus,
1105 3507 1225 3572 astutia
1252 3506 1387 3570 inutilis

268 3619 317 3698 est
342 3612 391 3693 10,
412 3613 462 3678 07.

686 3883 798 3976 Gar.
814 4019 817 4028 Ι
834 3879 943 3977 m

327 4082 387 4144 Ιο
403 4053 642 4142 παιδίω·
659 4085 702 4140 et
717 4081 846 4144 nebu
864 4098 962 4150 nun
977 4101 1029 4150 en
1044 4089 1304 4162 numm..

338 4243 374 4303 lu
396 4238 535 4326 negotiis
564 4239 764 4303 mereatoriia
788 4250 941 4325 tanquam
967 4247 1158 4329 peregrinos
1185 4267 1224 4314 se
1243 4264 1388 4335 gerant
