3022 4940
715 313 1038 406 -ues-'

277 548 383 606 ratum
407 533 598 618 invenirem,
625 529 798 616 diligenter
824 529 1059 612 perquireham‚
1085 528 1189 594 nodos
1224 532 1297 598 inde
1322 555 1393 609 re-,

276 673 414 720 movens
439 659 570 716 secante
596 668 668 714 meo
694 646 824 734 gladio,
851 646 996 712 sciebam
1024 647 1121 733 enim,
1148 668 1201 712 me
1226 669 1266 712 eo
1284 671 1376 718 num.

195 747 204 762 ’
278 789 347 838 mos
385 787 504 836 aureos
540 765 706 832 effundere
738 765 771 826 in
804 783 944 849 manum,
987 781 1069 844 quoe
1096 765 1197 830 bonos
1224 787 1244 830 a
1271 770 1381 849 pravis

278 887 422 952 secernit
447 892 481 947 et
507 883 600 945 oculo
626 900 690 944 non
715 879 884 942 dormienti
925 878 998 962 ejus
1036 877 1164 960 plenam
1197 882 1306 948 lunam
1329 905 1383 948 me

280 1002 466 1086 ostendere,
493 999 589 1081 cujus
616 998 775 1079 adspectu
804 995 1012 1079 splendorem
1048 1003 1080 1061 et
1118 999 1386 1081 pulchritudinem

279 1139 371 1184 ruam
397 1127 519 1205 augeat
560 1124 594 1179 et
633 1114 763 1198 propius
805 1113 987 1178 accedendo
1025 1114 1128 1180 lucem
1166 1118 1389 1182 eminentiam-

279 1251 342 1315 que
367 1235 430 1298 sihi
455 1232 608 1315 acquirat.
659 1230 825 1294 'l'ranstuli
850 1249 977 1313 quoque
1010 1252 1066 1296 res
1098 1235 1131 1296 in
1157 1255 1258 1318 opere
1283 1239 1388 1300 llam-

279 1351 351 1414 sahi
375 1351 406 1414 b.
424 1348 571 1411 Albasau
589 1347 768 1429 descriptas
794 1347 827 1408 in
851 1346 972 1412 huncce
1000 1349 1126 1436 librum,
1145 1355 1294 1435 exceptis
1308 1372 1387 1416 eon-

283 1467 356 1530 chis
383 1466 692 1529 incantamentorum
730 1471 764 1526 et
798 1463 916 1528 fabulis
950 1465 1093 1529 Arabum
1133 1477 1168 1531 et
1208 1470 1387 1550 proverbiis

282 1581 459 1666 conjunctis
484 1589 670 1665 propterea,
697 1577 781 1661 quod
806 1577 978 1660 duplicatis
1005 1581 1162 1663 capitibus
1181 1581 1313 1648 firmiter
1338 1585 1390 1648 in-

282 1703 470 1769 haerebant.
520 1703 653 1766 Librum
685 1709 795 1764 autem
829 1698 1006 1764 secundum
1042 1699 1206 1783 alphabeti
1247 1701 1389 1765 ordinem

282 1821 440 1911 disposui,
466 1827 501 1885 ut
517 1822 573 1886 vie
598 1817 783 1882 inveniendi
809 1834 907 1882 usuro
933 1818 1059 1882 facilior
1086 1827 1187 1883 esset.
1239 1820 1277 1880 In
1302 1837 1387 1899 quo·

283 1939 361 2002 libet
386 1935 558 2018 proverbio
585 1934 822 2026 adnotationeS,
838 1952 920 2014 quae
932 1935 1107 1998 verborum
1121 1933 1391 2021 significationem

285 2063 321 2117 et
345 2051 578 2138 grammaticen
600 2058 762 2136 spectant,
790 2049 901 2137 adtuli,
927 2052 1040 2132 quibus
1067 2054 1217 2117 clausum
1241 2051 1392 2134 aperire·
1451 2132 1455 2137 .

284 2177 349 2254 tur,
374 2185 435 2231 nec
460 2185 524 2229 non
561 2165 715 2228 historias
754 2167 1063 2249 proverbiorumque
1107 2187 1237 2254 causas,
1274 2167 1391 2250 quibus

286 2285 485 2368 propositum
509 2280 743 2364 intelligeretur
770 2291 804 2346 et
830 2303 885 2346 res
911 2284 944 2346 in
971 2292 1103 2370 gutture
1129 2285 1321 2368 praefocans
1340 2285 1393 2348 le-

285 2403 370 2466 niter
395 2402 427 2463 in
455 2402 567 2484 gulam
593 2397 808 2462 descenderet
846 2399 884 2481 (i.
909 2421 939 2463 e.
983 2401 1097 2483 quibus
1137 2399 1310 2464 difficultas
1338 2419 1397 2465 re-.

289 2519 503 2598 moveretur),
530 2517 561 2578 in
588 2533 682 2579 usum
708 2536 815 2579 meum
840 2507 1010 2603 adhibens,
1046 2537 1129 2600 quae
1170 2516 1339 2582 0hhaidns
1366 2518 1398 2581 b.

291 2631 488 2717 Scharijjah,
515 2631 604 2696 Atha
628 2633 658 2696 h.
697 2631 860 2718 Mozihh,
881 2633 1096 2696 Alscharkius
1137 2634 1168 2696 h.
1202 2633 1394 2696 Alkathami

294 2745 410 2826 aliique
436 2747 642 2829 collegerant.
696 2746 792 2826 Quod
816 2749 846 2810 si
870 2767 951 2810 vero
987 2747 1122 2829 scripsi:
1156 2749 1248 2812 Dixit
1274 2748 1398 2810 Almo-

291 2860 483 2926 ladhdhelus
509 2863 596 2924 nulla
620 2881 656 2924 re
682 2861 802 2948 addita,
828 2864 1072 2930 Ebu-Salamah
1086 2864 1317 2952 intelligendus
1334 2871 1404 2951 est,

286 2980 319 3044 in
337 2980 440 3044 altero
466 2979 568 3059 patris
595 2998 711 3040 nomen
738 2976 882 3042 addidi.“

366 3104 491 3184 Quibus
518 3121 560 3164 ex
597 3102 720 3188 verbis,
764 3104 953 3184 quibusnam
988 3108 1175 3172 auctoribus
1210 3107 1408 3172 Meidanius

290 3241 369 3302 prae
395 3220 466 3282 aliis
494 3236 574 3280 usus
601 3220 654 3304 sit,
681 3237 884 3304 cognoscere
910 3223 997 3286 licet.
1048 3225 1182 3288 Praeter
1208 3225 1282 3286 illos
1318 3245 1411 3308 vero

289 3336 472 3400 nominatim
501 3335 605 3398 dictos
632 3344 784 3400 auctores
811 3338 928 3402 multos
954 3340 1034 3402 alios
1060 3341 1090 3401 ei
1126 3338 1242 3427 inisse,
1286 3362 1333 3404 ex
1362 3361 1409 3404 eo

291 3461 438 3541 apparet,
463 3453 548 3536 quod
574 3453 696 3536 plures,
724 3474 819 3537 qnam
854 3455 1082 3540 quinquaginta
1119 3458 1219 3520 libros
1244 3458 1277 3519 in
1306 3479 1416 3522 usum

288 3574 535 3653 proverbiorum
574 3589 609 3634 se
652 3581 892 3654 perscrutatum
926 3593 1004 3635 esse
1045 3573 1131 3638 dicit.
1187 3573 1336 3653 Quorum
1364 3575 1415 3637 li-

288 3688 418 3751 brorum
452 3698 628 3773 auctores,
667 3697 747 3770 quot
775 3707 792 3751 e
830 3688 972 3752 diversis
1007 3692 1227 3756 commentarii
1261 3681 1344 3756 locis
1380 3693 1418 3754 in

289 3805 436 3868 notitiam
464 3815 608 3868 nostram
633 3806 796 3891 venerint,
833 3808 992 3889 adpositis
1027 3811 1217 3895 quibusdam
1243 3810 1283 3872 de
1312 3818 1415 3874 tem-

289 3941 381 4007 pore,
408 3941 469 4004 quo
494 3922 649 4007 vixerint,
676 3930 710 3984 et
738 3924 902 4010 operibus,
929 3945 1010 4006 quae
1037 3929 1288 4012 composuerint,
1343 3929 1420 3990 ad-

289 4040 513 4121 notationibus,
539 4062 581 4104 ex
608 4042 718 4106 ordine
755 4042 954 4126 alphabetico
975 4045 1044 4128 jam
1061 4045 1205 4109 breviter
1224 4063 1421 4107 recensere

291 4176 410 4239 operae
436 4159 573 4241 pretium
601 4161 670 4223 erit.

366 4275 595 4340 Abu-Alli
626 4279 867 4363 Aljememi.
928 4282 1015 4346 Inter
1050 4282 1195 4346 celebres
1230 4299 1425 4366 gramma-
