3022 4940
574 409 616 426 ·-·
657 375 721 441 ets
763 377 814 422 -”

136 576 225 640 dixit.
278 569 489 636 Alchathibus
522 577 629 635 autem
666 568 697 630 in
721 565 857 632 historia
882 565 1029 652 Bagdadi
1055 572 1233 636 auctorita·
1373 637 1379 644 ,

133 700 196 755 tenr
224 685 449 752 Ebu-Doraidi
484 692 630 765 secutus,
665 703 739 746 eum
767 691 878 747 natum
902 681 935 744 in
960 701 1047 768 pago
1072 684 1232 750 Albeidha

109 807 164 870 ‚in
189 803 307 887 oppido
345 800 478 867 Schiras
513 807 677 864 mortuum
707 815 785 862 esse
811 796 990 861 adnotavit.
1042 797 1231 882 cognomen

136 922 286 985 Persicae
326 918 459 1001 originis
486 924 538 981 est
564 925 599 980 et
632 915 791 980 aPersis
815 913 1000 997 Sibujah
1025 915 1232 980 enunciatunr

134 1036 300 1102 odorem
328 1025 473 1119 p'yrae'
496 1030 670 1118 significat.
721 1031 902 1096 lbrahirnus
929 1030 1062 1096 Alharbi
1087 1053 1163 1098 eum
1187 1034 1234 1099 ita

133 1153 390 1238 cognominatum
421 1168 497 1215 esse
530 1148 704 1232 contendit,
741 1152 826 1233 quod
852 1150 926 1234 ejus
954 1171 1061 1238 genae
1086 1151 1231 1236 prrlchri-

133 1268 240 1332 tudine
266 1269 390 1335 duabus
416 1269 508 1352 pyris
533 1267 657 1332 similes
684 1265 835 1336 tuissent.

206 1383 330 1468 sijau
364 1384 564 1452 Cilabita.
598 1383 686 1447 ldem
725 1389 778 1447 est
802 1404 899 1468 quam
924 1385 1112 1470 Abu-sijau
1138 1386 1230 1452 Cila-

130 1502 195 1568 bita
220 1503 262 1568 de
287 1520 350 1584 quo
376 1500 454 1563 vide
478 1517 588 1581 supra

203 1615 387 1700 Alsijadi
412 1614 473 1696 (C.
501 1615 561 1698 18,
586 1613 702 1695 246).
738 1613 941 1699 Cognomine
975 1615 1040 1681 hoc
1071 1628 1231 1705 ususest

130 1734 325 1799 Abu-lahak
360 1734 391 1796 b.
418 1731 535 1814 Sotjau
559 1729 591 1794 b.
616 1727 783 1794 Solainran
808 1730 838 1798 b.
862 1730 1028 1795 Abi-Beer
1054 1733 1085 1795 b.
1113 1732 1231 1796 Ahbd-

130 1851 307 1916 Alrahmen
347 1851 379 1914 b.
405 1845 509 1932 Sijad.
567 1846 669 1910 Paulo
705 1845 861 1910 seriorem
892 1867 967 1913 eum
1003 1849 1108 1914 fuisse
1136 1867 1232 1930 quam

130 1965 355 2031 Alaziniihum
388 1966 501 2047 (mort.
541 1981 592 2026 an.
620 1961 714 2047 eto)
746 1982 790 2024 ex
827 1981 866 2026 eo
892 1963 1061 2046 concludo,
1088 1965 1174 2047 quod
1199 1964 1232 2026 in

128 2081 306 2146 referendis
347 2082 442 2146 rebus
481 2077 553 2161 ejus
599 2077 792 2142 auctoritate
816 2078 938 2143 nititur.
991 2082 1104 2146 l'lures
1130 2081 1230 2146 libros

127 2198 268 2282 scripsit,
294 2197 378 2262 inter
393 2212 475 2279 quos
500 2203 554 2258 est
578 2194 669 2278 liber,
694 2193 957 2276 quoSibawaihii
982 2197 1098 2261 librum
1121 2197 1230 2281 expli·

127 2316 217 2377 cavit
242 2323 277 2376 et
300 2315 380 2378 liber
405 2313 447 2375 de
473 2312 665 2394 proverbiis.
1173 2328 1181 2334 ·

202 2428 438 2492 Thabarita
464 2428 522 2506 (C.
550 2429 585 2510 4,
610 2425 669 2490 32.
696 2425 756 2508 23,
786 2427 898 2511 tos).
924 2428 1119 2492 'l'habaritae
1145 2446 1231 2514 cog-

127 2563 245 2607 nomen
262 2541 438 2614 historicus
467 2542 696 2605 celeberrimus
711 2544 832 2629 gessit,
858 2544 911 2626 qui
930 2552 1031 2609 natus
1045 2562 1131 2609 anno
1157 2544 1230 2608 stt

127 2659 294 2726 ann0310
318 2666 468 2724 mortuus
487 2666 550 2722 est.
578 2657 688 2721 conf.
714 2658 827 2721 beati
859 2661 1024 2725 liemak.
1058 2680 1076 2724 s
1087 2662 1229 2743 peoinn

126 2778 252 2844 catal.
279 2798 311 2861 p.
348 2776 407 2841 21.
433 2794 519 2860 sqq.;
543 2772 603 2838 sed
639 2793 715 2838 num
738 2774 770 2838 in
798 2772 952 2839 Meidanii
989 2794 1089 2862 opere
1114 2778 1230 2844 citatus

125 2906 239 2962 auctor
265 2896 319 2979 sit,
344 2895 560 2960 vehementer
585 2893 703 2959 dubito.

200 3013 406 3097 uhajjita·
423 3013 481 3096 (c.
510 3011 570 3097 aa,
598 3011 712 3094 soon.
738 3012 791 3076 nu
821 3009 1090 3076 nrmoncuuuo
1115 3011 1230 3076 ust-
1347 2990 1351 2999 “

71 3137 80 3152 ”
124 3131 232 3195 innah
258 3131 378 3195 citatus
403 3141 514 3196 auctor
539 3138 601 3194 est·

200 3243 387 3308 ’rsahlab
415 3245 495 3332 (23,
523 3245 625 3328 221).
663 3245 700 3306 ln
740 3242 955 3329 grammatica
982 3251 1015 3308 et
1040 3205 1230 3330 lexicogra-
1360 3227 1365 3234 ¹

124 3357 202 3440 piria
241 3357 293 3462 iric
330 3367 446 3422 auctor
481 3361 711 3424 celeberrimus
748 3361 883 3423 scholae
923 3362 1078 3426 Curensis
1113 3383 1230 3430 nomen

123 3471 379 3572 Atu·l{Ahbbes
405 3475 436 3539 i.
464 3473 563 3556 Jahja
587 3476 619 3540 b.
642 3472 723 3540 Said
747 3473 777 3536 b.
805 3473 948 3539 'l'sohlab
974 3477 1084 3562 Sajjar
1107 3475 1229 3577 ὕψι)

122 3609 258 3675 gerens,
285 3599 320 3654 et
344 3609 427 3654 anno
448 3591 520 3656 200
547 3600 642 3658 uetus
667 3591 700 3654 in
719 3591 837 3657 *Mahni
864 3597 903 3672 b„
921 3595 1056 3680 Sajidalr
1082 3599 1230 3665 clientela
1359 3675 1363 3680 ,

121 3716 205 3774 erat.
273 3707 372 3791 Apud
406 3707 762 3798 Ebu-Alalrrahbium,
799 3713 896 3796 quus
930 3713 1107 3798 discipulus
1146 3724 1227 3796 erat,
1257 3705 1263 3718 ⁸

119 3830 215 3886 tanta
238 3823 435 3888 auctoritate
460 3826 611 3910 pollebat,
638 3836 686 3917 ut,
711 3828 742 3892 si
767 3828 800 3893 in
827 3831 1029 3916 argumentis
1056 3831 1227 3918 dubitaret,

16 3945 30 3954 “
119 3937 162 4000 ad
190 3959 265 4002 eum
291 3957 326 4004 se
352 3952 569 4010 converteret.
621 3947 800 4012 Praeterea
826 3947 997 4012 Sobairum
1022 3949 1227 4013 hen-Boccor

118 4055 291 4119 docenteni
317 4057 496 4128 audiverat.
525 4062 608 4146 lljus
635 4072 744 4128 autern
763 4065 924 4129 relatores
954 4063 1088 4148 (ltawi)
1103 4063 1228 4129 Alach·

118 4171 259 4236 fascinus
274 4175 386 4259 minor,
404 4179 624 4244 Abu-Becrus
649 4183 805 4247 Alanbari
830 4191 865 4246 et
890 4177 1150 4248 Abu-Ohmarus
1163 4181 1226 4245 Al-
1320 4193 1323 4203 ’

115 4285 215 4352 salrid
255 4302 358 4356 erant.
395 4295 566 4381 Memoria,
597 4307 686 4362 recto
713 4298 902 4365 enunciandi
927 4297 1035 4382 modo,
1062 4314 1226 4380 gramma·
