3082 4942
584 362 811 424 -159-

154 567 226 611 nam
247 545 365 608 infelici
384 562 478 606 omno
499 544 651 605 auxilium
673 553 798 624 gratum
812 553 862 606 cst
884 543 913 622 1,
933 543 1004 609 478.
1016 543 1086 610 479.
1130 547 1164 609 Si
1175 567 1254 630 rem,

154 673 250 737 quam
273 653 353 717 alter
374 671 395 714 a
416 660 449 713 te
469 651 558 732 petit,
583 650 739 730 perficere
759 669 821 710 nou
843 657 947 730 potas,
969 652 1076 714 statim
1095 651 1254 736 denegare

154 769 299 843 praestat
331 760 382 842 12,
416 759 445 822 7.
496 759 585 821 Vota
613 760 682 820 sola
717 759 747 819 iu
780 758 1013 822 calamitatibus
1036 761 1159 822 inutilia
1179 771 1253 824 suut

152 868 207 953 26,
229 868 279 936 66.
306 877 339 932 et
359 867 459 930 verba
479 868 549 929 sola
573 886 636 929 nou
659 866 825 928 sufiiciunt
853 866 886 949 5,
908 867 959 934 96.
1014 869 1077 948 Qui
1107 879 1251 952 temporo
1335 883 1338 890 ’

151 977 304 1058 penuriae
324 977 514 1037 frumentum
536 994 600 1036 nou
621 972 742 1056 vendit,
779 973 854 1035 diris
878 973 1015 1037 devotus
1042 986 1093 1039 est
1120 976 1152 1059 5,
1181 978 1252 1042 207.

152 1086 219 1150 Sed
232 1106 272 1148 ne
294 1087 364 1167 quia
385 1085 543 1166 ignoranti
563 1083 715 1146 auxilium
738 1091 882 1164 praestet
904 1081 956 1164 24,
978 1079 1049 1148 408.
1089 1094 1144 1147 aut
1169 1103 1254 1166 pau-

150 1181 218 1276 peri
241 1195 292 1275 qui
312 1195 342 1255 iu
364 1194 449 1256 vitiis
471 1199 670 1274 perseverat,
693 1191 761 1254 fieri
784 1181 865 1252 enim
887 1199 1005 1275 potest,
1030 1201 1065 1253 ut
1086 1194 1138 1254 hic
1165 1211 1251 1273 pau-

138 1310 274 1384 ]rertate
296 1303 470 1383 corrigatur
493 1300 545 1382 18,
567 1298 617 1365 74,
660 1298 781 1361 Contra
804 1301 902 1362 alium
923 1300 963 1360 ab
986 1319 1025 1364 eo
1040 1300 1191 1376 auxilium
1209 1321 1250 1362 ne

149 1421 253 1494 petas,
276 1413 328 1475 cui
350 1430 422 1474 cum
444 1411 495 1472 illo
517 1407 620 1488 major
641 1408 781 1470 amicitia
802 1418 852 1470 est
875 1427 968 1489 quam
985 1420 1090 1474 tecum
1103 1413 1153 1496 23,
1175 1411 1250 1478 359.

151 1524 235 1585 Eum
264 1523 371 1598 sinna,
405 1519 459 1599 qui
494 1537 589 1597 opem
617 1515 701 1576 ferre
727 1535 790 1578 non
813 1526 935 1597 potest,
965 1519 1069 1581 eidem
1090 1521 1244 1601 periculo,

148 1647 243 1708 quarn
266 1634 314 1706 tu,
337 1624 504 1703 expositus
523 1621 627 1710 28,,1.
669 1623 814 1700 Annua,
838 1640 932 1702 quam
958 1623 1019 1684 sibi
1048 1625 1111 1704 ipsi
1139 1626 1247 1705 infert,

147 1735 283 1797 alterum
307 1728 479 1792 defendere
499 1747 562 1790 non
583 1734 676 1809 potes
698 1728 747 1805 24,
773 1728 823 1793 40.

233 1837 323 1899 Alios
344 1855 363 1898 n
384 1835 467 1896 malo
489 1832 649 1913 depellere
672 1832 711 1899 18
734 1834 794 1898 122
816 1843 848 1896 et
869 1852 998 1897 mouere
1020 1834 1173 1899 debemus
1193 1835 1248 1920 23,

146 1944 230 2027 360,
252 1964 326 2008 uam
348 1945 400 2026 qui
422 1943 538 2005 bonum
560 1940 689 2018 iudicat,
711 1943 741 2003 ei
760 1943 870 2004 similis
894 1951 958 2024 est,
981 1946 1033 2025 qui
1062 1943 1094 2006 id
1123 1946 1248 2027 peregit

145 2056 175 2130 8,
198 2058 249 2122 22.
301 2054 461 2119 Gaudium
494 2053 535 2114 ob
564 2053 698 2115 alienum
728 2053 845 2115 malum
874 2054 990 2116 vilitati
1019 2055 1165 2118 tribuitur
1197 2055 1247 2137 13,

144 2163 194 2231 65.
238 2164 301 2243 Qui
322 2172 431 2226 autem
464 2161 703 2224 adhortationes
734 2169 807 2224 tuas
840 2159 953 2241 rejicit,
981 2182 1054 2224 eum
1080 2162 1191 2245 fugias
1220 2166 1247 2241 i,

143 2269 216 2335 231.
256 2269 290 2350 8,
311 2268 361 2334 24.
404 2267 456 2351 23,
487 2266 538 2332 88.
566 2274 599 2328 et
621 2266 674 2346 qui
708 2267 855 2329 consulto
885 2277 985 2344 errat,
1006 2287 1080 2330 eum
1108 2270 1246 2334 inviam

143 2384 263 2438 rectam
284 2375 417 2456 dirigere
439 2396 480 2438 ne
500 2375 584 2437 velis
609 2375 639 2456 1,
659 2373 733 2440 328.
776 2373 843 2440 sed
860 2394 956 2457 quum
977 2376 1132 2437 monitum
1146 2374 1243 2438 fidum

143 2481 303 2560 ingratum
324 2481 368 2540 sit
386 2477 439 2555 20,
456 2477 525 2558 49.,
555 2497 652 2561 cave,
673 2499 715 2540 ue
737 2480 846 2540 verbis
867 2482 931 2542 tuis
952 2479 1063 2542 laedas
1094 2479 1146 2563 10,
1179 2479 1247 2548 156.
1277 2461 1284 2478 ’

146 2586 249 2648 conf.
272 2585 326 2668 23,
350 2583 421 2651 399.
463 2587 517 2648 Ne
549 2586 582 2647 in
610 2586 773 2648 homiuum
805 2594 899 2648 coetu
926 2589 1079 2651 monitum
1106 2586 1164 2650 des
1192 2586 1246 2673 25,

144 2699 211 2766 170.
242 2708 297 2763 aut
330 2700 361 2762 in
382 2699 511 2762 monitis
534 2697 663 2762 modum
690 2698 854 2781 excedas,
885 2719 959 2761 uam
989 2701 1033 2762 ita
1069 2711 1244 2782 suspectus
1310 2725 1313 2732 ·

142 2807 204 2872 fies
229 2810 258 2890 1,
280 2806 351 2874 341.
394 2805 423 2879 3,
445 2807 499 2874 23.
540 2807 595 2882 12,
620 2805 672 2873 66.
696 2863 698 2870 ,
719 2808 774 2869 Ne
795 2805 899 2869 virum
932 2826 1010 2888 rem,
1043 2826 1136 2889 quam
1169 2809 1242 2893 scit,

143 2915 260 2978 docere
290 2915 372 2978 velis
399 2914 459 2996 23,
486 2912 568 2984 6093
590 2933 694 2998 neque
715 2934 788 2978 eum
810 2915 987 2998 vituperas,
1012 2915 1044 2977 iu
1066 2933 1128 2997 quo
1148 2934 1239 2980 amor

142 3031 174 3086 et
196 3023 301 3087 virtus
322 3042 386 3086 uon
408 3031 461 3084 est
481 3022 536 3104 27,
557 3020 609 3088 29.
1120 3009 1123 3016 ⁸

566 3373 683 3462 Ore.
718 3372 820 3463 111.

295 3541 355 3597 ne
373 3543 520 3595 mutua
537 3499 757 3598 lromlrrum
775 3538 1090 3596 eonsuetudlrre.

224 3678 384 3760 Separata
405 3678 445 3740 ab
460 3677 639 3742 bominibus
649 3679 716 3742 vita
731 3677 974 3742 commendatur
994 3683 1025 3753 2,
1048 3677 1117 3744 181.
1139 3678 1245 3740 conl.

139 3787 191 3860 24,
211 3785 283 3853 266.
326 3789 362 3851 ln
385 3788 616 3852 cousuetudine
635 3787 795 3852 bominum
817 3788 921 3850 cautio
942 3788 985 3850 sit
1008 3784 1120 3869 16,30.
1148 3787 1244 3850 Stul-

139 3903 205 3958 tum
232 3903 301 3978 ast,
331 3915 369 3959 sa
396 3897 466 3960 aliis
499 3897 690 3974 immiscere,
718 3915 853 3978 quorum
879 3913 985 3979 neque
1012 3894 1107 3958 finem
1138 3911 1243 3974 neque

139 4002 256 4085 agendi
284 4006 437 4068 rationem
469 4006 616 4068 novimus
645 4007 695 4081 28,
724 4004 775 4070 25.
799 4005 883 4068 Utile
904 4005 1001 4086 igitur
1024 4010 1076 4064 cst
1097 4000 1243 4064 homines

141 4129 238 4174 nosse
258 4113 290 4194 2,
314 4112 362 4180 13.
392 4116 501 4195 etqui
522 4115 656 4177 bominis
679 4113 893 4178 conditionem
921 4128 1123 4194 cognoscere
1160 4111 1243 4190 vult,

140 4217 183 4282 ad
211 4218 280 4297 ejus
309 4221 460 4286 familiam
489 4239 527 4284 sa
549 4231 718 4288 convertat
739 4223 792 4300 22,
820 4219 910 4302 146,
938 4219 997 4284 sad
1021 4239 1062 4282 ne
1081 4217 1242 4286 bominum

1118 4306 1159 4391 ὅ

959 4412 1289 4914 ὲ
