3022 4940
569 355 797 418 ...rapu

131 547 290 628 scribitur,
315 544 514 625 vituperatur
536 551 569 606 et
589 540 749 604 deridetur
774 541 801 618 1,
823 541 894 606 201.
916 537 988 608 380.
1031 541 1061 618 2,
1081 543 1133 620 55,
1177 544 1229 627 22,

131 656 183 739 38,
203 653 254 720 55.
297 652 350 732 27,
365 651 416 718 70.
459 649 603 733 28,161.
646 649 757 724 Viles,
782 665 863 732 caras
891 665 954 708 non
978 648 1155 728 possident,
1177 669 1231 714 res

131 762 307 844 gloriantur
332 759 381 836 18,
406 755 472 826 199.
496 758 580 820 coni.
602 755 653 834 20,
678 753 737 822 10.Δ
770 756 963 836 Arrogantiu
984 756 1091 819 multia
1111 757 1265 823 locisct.

133 868 321 932 describitur
341 877 374 930 et
402 866 602 947 vituperatur
645 871 676 944 1,
698 863 771 936 250
812 865 848 946 2,
867 863 938 930 212.
980 863 1109 945 5,101.
1151 864 1182 935 6,
1202 867 1231 931 3,

131 977 232 1055 7,12.
256 975 304 1041 13.
351 973 398 1058 10,
423 972 494 1040 202.
519 971 572 1050 16,
592 971 645 1040 32.
688 972 738 1054 18,
762 970 792 1036 6.
817 968 885 1038 161.
909 967 978 1039 198.
995 1060 999 1068 ⁴
1019 971 1157 1050 21,189.
1179 971 1232 1054 23,

131 1089 182 1158 38.
207 1087 275 1156 159.
317 1087 499 1166 blonemur,
521 1105 562 1146 ne
583 1092 773 1167 arrogantes
796 1083 859 1146 sed
869 1085 999 1168 originis
1020 1094 1252 1152 nostraeme-'

131 1216 237 1264 mores
259 1195 359 1260 simus
381 1195 411 1276 2,
437 1191 507 1262 118·
550 1191 612 1272 Qut
633 1191 835 1271 beneficium,
858 1191 944 1272 quod
965 1211 1028 1254 non
1051 1211 1146 1255 sunm
1168 1201 1232 1277 cst,

131 1305 192 1370 sibi
211 1314 355 1390 arrogat,
379 1302 610 1386 vituperandus
632 1301 767 1364 babetur
787 1301 819 1384 2,
841 1301 894 1387 38,
919 1322 992 1366 nam
1005 1313 1139 1366 externa
1152 1323 1233 1385 spe·

132 1414 201 1484 cies
220 1434 282 1476 non
305 1412 436 1492 sufficit,
463 1418 499 1472 ut
528 1411 619 1472 nobis
647 1431 714 1473 rem
749 1430 936 1494 arrogemus
966 1411 1030 1493 23,
1065 1410 1137 1480 556.
1179 1415 1234 1476 Ne

132 1522 300 1585 scientiam
324 1519 380 1580 tibi
402 1535 547 1598 arroges,
578 1523 611 1576 ut
634 1515 785 1579 invidiam
815 1537 835 1580 a
871 1528 904 1580 te
933 1517 1076 1600 depellas
1104 1521 1136 1607 3,
1164 1519 1233 1588 183.

129 1625 372 1708 vituperandus
395 1642 521 1707 quoque
541 1631 604 1704 est,
627 1623 680 1703 qul
701 1621 822 1684 landari
845 1628 1102 1706 carpitqnamvis
1118 1629 1234 1688 nemini

131 1733 295 1798 benefecit
316 1731 371 1816 28,
395 1731 465 1796 107.
508 1729 598 1792 Loco
622 1728 676 1791 tibi
700 1729 909 1792 conveniente
930 1725 1065 1796 sedeas!
1107 1732 1137 1806 5,
1162 1731 1234 1798 212.

132 1842 198 1924 Qui
219 1841 308 1902 viros
330 1838 624 1924 praestantissimos
646 1839 794 1914 imitetur,
816 1857 910 1920 quum
931 1838 981 1901 vir
1001 1837 1117 1901 nullius
1144 1839 1237 1924 pretii

130 1948 186 2030 sit,
209 1945 367 2027 vituperio
390 1942 507 2025 dignus
530 1951 583 2004 cst
604 1943 657 2028 12,
679 1940 730 2008 31.
768 1942 1091 2027 Retromanopotius,
1113 1953 1148 2006 nt
1163 1966 1236 2008 anr-

130 2054 260 2140 pliorcm
283 2055 386 2115 locum
409 2039 567 2133 occupes!
589 2047 641 2130 26,
666 2047 715 2116 64.
745 2049 828 2113 Vilis
851 2060 901 2112 est
920 2050 1101 2136 habendus,
1126 2055 1190 2136 qui,
1207 2053 1236 2117 si

130 2181 232 2246 parvo
253 2180 307 2223 ree
328 2158 523 2236 conceditur,
548 2177 697 2241 magnam
719 2157 781 2220 sibi
803 2168 932 2242 arrogat
953 2159 982 2235 5,
1006 2159 1079 2226 213.
1108 2162 1236 2244 Super-

128 2271 181 2333 bia
215 2271 416 2350 vituperatur
461 2268 546 2334 conl.
589 2267 618 2346 9,
648 2267 702 2333 72.
750 2266 800 2345 15,
821 2269 872 2335 28.
915 2269 969 2348 21,
990 2267 1042 2336 63.
1085 2268 1234 2355 22,145.
1336 2308 1343 2320 =

54 2413 56 2420 ι
131 2379 194 2458 Qui
216 2395 254 2437 se
276 2377 405 2438 nimium
427 2375 559 2448 extollit,
584 2375 711 2436 interire
732 2384 842 2456 potest
865 2376 895 2458 1,
916 2375 987 2442 431.
1031 2378 1080 2439 Se
1100 2378 1235 2440 submit-

132 2492 214 2566 tere,
237 2501 333 2566 quum
355 2499 410 2542 res
431 2482 585 2564 postulat,
607 2482 678 2544 viro
700 2501 754 2544 res
777 2485 972 2548 conveniens
995 2492 1047 2547 est
1068 2483 1099 2570 7,
1124 2483 1193 2552 168.
1203 2493 1237 2546 et

133 2609 172 2654 se
192 2589 409 2674 negligentem
432 2590 616 2669 ostendere,
639 2589 741 2651 decus
765 2590 936 2653 nobilitatis
958 2601 1010 2654 est
1029 2595 1077 2668 tt,
1094 2591 1145 2659 54.
1167 2595 1235 2657 Su·

133 2699 243 2784 perbia
272 2697 454 2779 impotentis
483 2696 623 2758 maximo
653 2695 812 2775 vituperio
842 2695 939 2780 digna
967 2698 1102 2760 babetur
1138 2703 1166 2782 l,
1187 2701 1238 2768 50.

133 2819 299 2902 Superbus
320 2814 445 2878 laudem
467 2831 530 2876 non
552 2819 693 2874 meretur
720 2807 774 2893 28,
797 2806 865 2890 85.;
901 2808 960 2870 sed
989 2809 1096 2872 odium
1128 2821 1238 2875 contra

131 2945 169 2990 se
190 2927 313 2992 excitat
349 2923 403 3006 22,
426 2919 499 2998 313,
536 2905 636 2984 'Hanc
667 2917 706 2983 ob
740 2937 873 2984 carosam
904 2927 1000 2982 nocet
1028 2918 1078 2999 18,
1098 2917 1171 2986 286.
1202 2929 1236 2981 et

131 3033 410 3116 periculosissima
432 3039 483 3095 est
504 3028 556 3106 24,
567 3025 644 3108 356,
663 3047 736 3092 nam
760 3030 923 3112 pessimus
945 3027 1111 3091 incedendi
1123 3024 1238 3090 modus

135 3141 248 3204 elatior
269 3150 320 3204 est
342 3140 394 3223 24,
418 3139 487 3206 370.
530 3139 585 3202 Ne
608 3137 706 3202 ullum
730 3137 769 3200 ob
793 3146 959 3201 externam
981 3134 1055 3218 ejus
1077 3133 1237 3198 conditio-

133 3263 208 3306 nem
230 3238 407 3324 despicias!
428 3243 460 3325 7,
481 3241 534 3308 90.
575 3243 747 3306 Humilitas
771 3251 822 3306 est
842 3243 1001 3308 laudanda
1028 3251 1062 3305 et
1090 3241 1174 3306 utilis
1204 3241 1238 3324 3,

134 3347 206 3419 184.
234 3346 305 3414 190.
347 3350 521 3411 insolentia
542 3349 618 3414 inde,
636 3360 718 3430 orta,
747 3347 832 3434 quod
861 3350 976 3432 aliquis
1004 3350 1097 3414 dives
1130 3351 1238 3414 iactus

132 3463 196 3534 est,
217 3455 418 3536 vituperator
441 3453 472 3531 l,
491 3452 562 3520 237.
605 3455 637 3534 2,
659 3452 711 3520 96.
753 3451 862 3516 Pudor
884 3471 963 3516 vero
974 3455 1035 3516 viri
1056 3455 1158 3518 alieno
1167 3459 1238 3522 locu

133 3562 282 3628 debilitas
303 3568 356 3624 est
371 3558 409 3644 6,
427 3559 498 3628 238
519 3560 591 3630 243.
617 3558 818 3644 impudentia
850 3559 952 3639 (coni.
973 3559 1027 3638 27,
1054 3559 1124 3635 38.)
1151 3581 1236 3646 quo-

134 3665 305 3734 dammodo
327 3667 411 3732 utilis
431 3665 647 3748 «15114122,
669 3665 871 3732 nibilominus
893 3665 1049 3731 modestia
1072 3685 1155 3750 qnae
1177 3689 1238 3734 no-

134 3775 218 3840 biles
240 3793 301 3839 nos
327 3773 466 3838 reddere
500 3780 607 3853 potest
632 3771 665 3852 3,
690 3773 761 3848 190.
802 3782 841 3840 et
864 3771 1014 3840 laudatur
1045 3773 1173 3858 3,181.
1207 3785 1239 3838 et

135 3882 377 3950 commendatur
395 3877 428 3963 5,
452 3878 523 3946 211.
