3126 4958
252 569 336 637 queo
357 546 559 635 expositione
579 547 735 614 historice
764 547 871 614 minos
902 555 1048 636 egerent,
1076 549 1267 634 neglexisse
1300 553 1358 618 vi-

253 656 378 722 lenton.
432 653 682 720 Proverbiorum
713 661 823 719 eutem
854 663 930 720 onte
963 655 1200 720 blobommedis
1230 666 1360 741 tempus

252 773 393 830 ortorum
412 765 519 848 origo,
542 781 637 846 quum
659 769 815 827 accurate
835 763 919 828 illius
947 765 1102 846 temporis
1129 765 1358 851 chronologiae

251 874 365 938 nolitis
387 873 514 938 omnino
535 870 678 934 destituti
698 872 811 944 simus,
846 872 939 936 ennio
960 882 1114 936 eoourete
1139 873 1264 940 deliniri
1295 897 1360 942 non

253 963 392 1064 potest}
404 979 534 1044 Arabes
554 977 637 1040 enim
657 976 720 1058 ipsi
739 977 928 1060 antiquioris
942 981 1096 1062 temporis
1108 1001 1215 1049 novos
1229 986 1359 1050 ordines

249 1109 315 1154 nnn
336 1097 403 1153 tem
423 1087 516 1152 suuis
538 1103 634 1168 quom
662 1079 765 1149 ‘rebus
798 1087 958 1168 gravioris
987 1089 1139 1154 momenti
1170 1101 1204 1156 et
1222 1087 1355 1177 'pugnis

251 1195 435 1262 describere
455 1213 496 1261 ec
518 1193 651 1259 delinire
672 1204 922 1263 consueverunt.
974 1197 1072 1263 Nullo
1094 1197 1222 1283 quidem
1245 1200 1308 1265 hoc
1327 1197 1360 1266 in

250 1326 287 1370 re
310 1323 387 1370 eure
407 1312 506 1388 etque
529 1303 693 1388 diligentie
713 1325 734 1369 n
756 1305 848 1369 nobis
867 1305 1133 1388 intermisseest3
1156 1309 1359 1374 nihilominus

249 1433 331 1478 vero
352 1411 500 1478 occidere
521 1409 642 1495 debuit)
663 1419 702 1474 nt
721 1413 757 1498 iu
772 1411 820 1476 rei
840 1412 1030 1480 difficultete
1051 1426 1084 1481 et
1105 1417 1256 1481 librorum
1285 1437 1360 1482 me-

251 1522 491 1605 nuscriptorum
511 1521 619 1605 inopie
639 1522 704 1586 elio
731 1522 835 1587 minus
866 1531 1018 1589 occurete
1046 1523 1260 1605 definirentur,
1297 1527 1359 1590 elio

250 1629 337 1726 beuti
367 1629 549 1696 deliniendo
579 1631 828 1718 negligerentur,
861 1631 955 1716 cujus
988 1633 1036 1698 rei
1068 1633 1196 1698 voniem
1225 1655 1246 1702 e
1277 1637 1358 1700 viris

249 1738 356 1806 doctis
375 1740 526 1824 petimus.

333 1847 450 1912 (imnis
479 1844 604 1911 eutem
628 1848 801 1928 proverbio
835 1847 988 1932 temporis
1020 1849 1143 1914 ratione
1180 1845 1292 1913 habito
1325 1849 1359 1912 in

250 1957 391 2040 quinque
423 1963 534 2036 portes
564 1953 747 2018 dividimus.
810 1954 919 2020 Primo
952 1971 1028 2035 pers
1061 1954 1234 2036 proverbio
1263 1973 1359 2017 oom-

247 2063 397 2145 plectitur
414 2069 559 2142 tempore
578 2058 730 2122 lobuloss
751 2059 771 2126 i.
784 2077 813 2120 e.
833 2066 978 2141 tempore
999 2069 1075 2124 ente
1095 2058 1358 2125 Mobemmcdom

248 2179 332 2253 orto,
370 2168 403 2234 in
424 2186 488 2251 quo
514 2185 569 2230 res
595 2185 618 2229 a
644 2166 853 2250 scriptoribus
872 2174 1021 2234 nnnotoe
1049 2166 1092 2231 ed
1113 2165 1239 2232 fabulas
1267 2170 1358 2232 rese.

247 2277 367 2342 rondes
398 2283 493 2358 sunt3
529 2273 674 2338 swundo
708 2293 786 2357 pers
820 2279 954 2359 tempori
989 2286 1065 2342 onte
1096 2277 1360 2348 blohemmedem

246 2384 474 2469 e‘djudicsudo3
509 2381 606 2447 tortis
640 2399 716 2463 pers
749 2382 859 2446 incidit
892 2385 924 2448 in
955 2395 1082 2467 tempus
1115 2387 1355 2451 Mobommodis

248 2492 386 2580 ejusque
408 2503 547 2577 quotuor
567 2507 794 2562 successorum
816 2510 876 2557 seu
898 2493 1087 2559 choliferum
1108 2511 1211 2577 usque
1230 2496 1272 2557 od
1294 2515 1355 2558 en-

246 2624 324 2668 num
347 2603 386 2666 41
409 2601 569 2684 Hedjro03
596 2610 709 2684 quarte
730 2619 807 2683 pers
836 2603 979 2666 continet
1008 2603 1180 2686 proverbia
1209 2611 1356 2687 tempore

246 2714 472 2796 Mperetorum
493 2707 745 2792 Omniiederum,
768 2709 856 2793 quod
878 2711 918 2775 eb
947 2729 1030 2776 enno
1061 2709 1101 2778 41
1131 2711 1275 2793 lledjroe
1302 2713 1355 2775 in-

245 2820 343 2902 cipit3
367 2821 477 2901 quinte
498 2818 634 2900 denique
649 2837 726 2901 pers
750 2828 876 2884 constet
895 2821 1085 2902 proverbiis,
1111 2839 1194 2903 quoe
1210 2829 1355 2903 tempore

244 2929 473 3013 imperatorum
495 2923 753 2990 Ahbbesiderum
775 2933 847 2990 orte
867 2934 953 2991 suut.
995 2928 1109 3011 lucipit
1129 2927 1205 2991 illud
1227 2937 1355 3011 tempus

246 3037 288 3102 eb
318 3056 402 3102 enno
435 3035 495 3106 132
521 3042 598 3118 post
627 3034 794 3117 lledjrom.
854 3035 964 3118 Major
995 3037 1235 3118 proverbiorum
1266 3055 1354 3118 pers,

247 3167 383 3232 quorum
412 3146 503 3232 primi
531 3153 682 3210 suctores
717 3145 785 3209 noti
819 3153 910 3230 sunt,
951 3154 1078 3229 tempus
1110 3145 1243 3228 originis
1270 3163 1352 3209 vero
1396 3197 1400 3208 l

244 3260 390 3346 ignotum
411 3265 476 3342 est,
496 3256 528 3320 in
550 3263 677 3338 tempus
690 3262 764 3318 ente
782 3255 1040 3320 lllohemmetlem
1059 3254 1176 3319 cedere
1190 3251 1355 3321 videntur.

328 3369 374 3434 Ut
395 3365 526 3430 divorse
547 3367 787 3450 proverbiorum
809 3373 1048 3448 temporumque
1077 3365 1159 3428 ratio
1189 3365 1298 3428 statim
1322 3365 1354 3426 in

243 3475 358 3541 oculos
379 3474 530 3554 incurret,
556 3475 757 3558 tabellarum,
779 3485 814 3538 ut
836 3474 955 3555 dicunt,
977 3473 1112 3536 formem
1137 3473 1218 3555 clegi
1241 3473 1348 3535 omnio

242 3581 395 3647 bleideuii
415 3583 586 3666 proverbio
608 3589 684 3646 octo
706 3583 851 3645 seriebus
862 3581 1057 3644 describens.
1097 3582 1135 3643 In
1148 3581 1250 3662 prima
1270 3581 1355 3643 serio

244 3691 416 3775 proverbio
435 3689 522 3754 beuti
543 3687 723 3753 deliniendo
744 3689 945 3768 enurnerevi3
969 3688 1001 3749 in
1026 3687 1173 3751 secunde
1193 3707 1354 3770 persono-

243 3819 313 3864 rum
334 3797 512 3863 nominibus
534 3795 699 3873 distincte,
733 3793 792 3858 sod
813 3802 960 3877 tempore
980 3797 1159 3860 accuratius
1182 3817 1245 3861 non
1268 3797 1354 3862 deli·

247 3907 381 3988 nioudot
408 3907 441 3970 in
462 3904 557 3968 tertio
577 3903 750 3988 proverbio
775 3923 796 3969 e
823 3921 874 3964 me
906 3901 1089 3984 conjecture
1117 3904 1353 3988 quodammodo

243 4013 389 4094 delinits;
405 4005 565 4096 inquorte
582 4010 754 4096 proverbio
768 4007 915 4075 lobuloso
928 4020 1072 4095 tempore
1090 4021 1172 4095 orto,
1194 4014 1225 4074 in
1245 4014 1353 4094 quinte

243 4122 416 4206 proverbio
425 4120 579 4203 temporis
589 4127 667 4186 onte
676 4117 888 4184 lslomismum
894 4135 904 4201 3
927 4120 959 4183 in
971 4129 1066 4184 sexte
1080 4121 1250 4203 proverbio
1266 4129 1353 4183 tem-

244 4230 334 4315 poris
356 4227 526 4296 lslemismi
546 4247 606 4295 seu
620 4227 857 4294 Mobemmedis
878 4236 912 4293 et
926 4236 1064 4313 quotuor
1082 4227 1296 4310 Gheliierum3
1319 4227 1351 4291 in
